2596 3934
101 247 325 304 113107-134
367 237 555 301 HEAVTON
577 238 867 302 TIMORVMENOS.
1054 247 1114 310 143

101 431 188 492 Cirr.
216 426 335 490 Verum
350 423 458 485 hercle
473 425 553 484 istuc
571 431 629 484 est.
664 423 759 504 Syre,
778 423 859 505 Syre
873 427 1015 508 inquam,
1036 431 1115 492 heus

561 523 657 602 heris,
680 522 769 604 Syre.

96 625 155 701 Sr.
183 618 356 685 Goucdluit.
388 619 547 697 quiduis?
580 621 666 682 Cirr.
686 621 784 703 Redi,
806 622 885 684 redi.
914 624 967 687 Sr.
983 625 1114 688 Adsum:

562 718 613 780 dic
629 719 704 800 quid
720 723 791 782 eat?

187 820 329 881 lamhee
351 819 473 897 qudque
495 817 624 896 negabis
645 819 704 878 tibi
723 815 859 899 placere.
900 820 986 883 Cur.
1010 824 1114 905 immd,

565 914 660 994 Syre:
870 970 872 976 ,
927 969 932 979 ,
1062 933 1115 989 350

189 1019 232 1079 nt
245 1017 296 1078 rue
311 1021 345 1076 et
358 1033 459 1075 meum
477 1034 613 1075 amorem
628 1020 662 1074 et
676 1015 787 1077 fimum
802 1021 950 1099 permitti
967 1023 1034 1086 tibi.
1130 1041 1167 1083 uc

190 1116 241 1176 Tu
259 1135 293 1176 es
308 1113 418 1177 iudex:
439 1112 557 1193 nequid
573 1114 760 1176 iccuaaudus
778 1117 818 1177 sis
833 1116 915 1182 uide.

105 1215 160 1278 Sr.
193 1211 400 1274 Ridiculumst
414 1218 447 1274 te
462 1214 542 1272 istuc
556 1232 606 1273 me
621 1211 805 1293 idmouere,
828 1213 983 1300 Clitipho:

191 1313 285 1390 Quasi
300 1313 371 1372 istic
384 1330 453 1372 mea
470 1328 522 1371 res
537 1315 637 1371 minor
654 1317 760 1391 agatur
776 1319 866 1395 quim
882 1322 942 1377 tua.

189 1411 250 1471 Hie
265 1408 368 1489 siquid
381 1410 471 1469 uobis
486 1409 570 1469 fdrte
585 1409 711 1472 aduorsi
726 1414 880 1494 euenerit,
1064 1425 1115 1480 355

191 1510 266 1571 Tibi
286 1510 379 1569 erdut
393 1515 501 1592 parata
517 1511 624 1590 uerba,
644 1512 717 1571 huic
732 1511 849 1572 homiui
863 1513 1010 1574 uerbera:
1129 1537 1167 1578 ιιι

192 1609 389 1689 Quaprdpter
410 1609 488 1669 haec
508 1626 562 1668 res
582 1626 624 1668 ue
646 1609 784 1688 titiquum
805 1607 984 1688 neglectdst
1004 1612 1088 1672 mihi.
1145 1617 1147 1622 ’

192 1707 256 1768 Sed
269 1709 372 1768 istinc
387 1727 491 1786 exure,
507 1712 543 1767 ut
557 1709 643 1768 sciam
659 1726 728 1769 esse
742 1706 915 1798 adsimulei.
944 1710 1032 1772 Οιιιι,
1050 1710 1116 1770 Sci-

562 1806 641 1868 licet

190 1907 359 1968 Facturum
378 1926 428 1968 me
451 1925 536 1968 esse:
558 1909 679 1968 inerim
700 1909 759 1977 ium
780 1926 832 1967 res
853 1905 950 1968 rediit
970 1905 1084 1986 locum,

188 2005 232 2068 vt
252 2009 293 2066 sit
312 2023 470 2066 necessus.
499 2005 587 2066 Cirr.
601 2005 720 2066 Merito
741 2011 773 2064 te
796 2023 880 2082 amc,
904 2001 1014 2065 Clinia.
1065 2015 1117 2070 360

102 2107 193 2168 Οιιιι.
217 2104 335 2167 Verum
355 2103 411 2164 iila
431 2104 549 2183 nequid
567 2107 691 2166 titubet.
722 2104 775 2164 Sr.
799 2102 985 2165 Perdoctist
1007 2107 1116 2185 probe.
1131 2125 1170 2166 ιιι

104 2205 192 2267 Cirr.
216 2204 259 2264 Aa
279 2204 338 2262 hdc
360 2201 515 2281 demiror,
544 2206 598 2282 qui
618 2210 680 2264 tarn
699 2201 794 2263 facile
813 2202 953 2282 pdtueris

187 2299 383 2364 Persuidere
405 2299 471 2380 illi,
495 2303 574 2382 quae
594 2299 676 2362 solet
697 2321 773 2381 quos
794 2299 963 2381 spernere!

103 2401 158 2462 Sr.
188 2399 224 2461 In
246 2399 388 2480 te‘rnpore
410 2397 448 2458 ud
471 2417 538 2459 euru
558 2400 642 2478 uiui,
667 2398 749 2478 quud
769 2417 873 2459 rerum
896 2398 1064 2470 dmniumst·

190 2497 343 2558 Primum:
366 2516 436 2557 narn
459 2494 612 2575 quendum
635 2498 748 2557 misere
769 2495 886 2556 offendi
908 2494 1037 2555 militem
1065 2503 1116 2558 365

190 2596 266 2658 Eius
287 2597 411 2655 udctem
435 2600 590 2654 orantem:
611 2593 689 2653 haec
711 2595 780 2677 iria
800 2593 952 2651 tractabit
974 2592 1085 2669 uirum,
1132 2609 1170 2650 rua

188 2694 233 2757 vt
255 2691 340 2754 iilius
363 2694 496 2754 animum
519 2690 664 2773 cripidum
684 2691 789 2772 inopia
805 2687 1005 2750 incenderet:

192 2790 372 2872 Eademque
388 2798 422 2851 ut
438 2797 523 2852 esset
538 2789 619 2872 ipud
633 2796 666 2850 te
683 2790 743 2850 hoc
759 2809 847 2868 quam
864 2790 1088 2868 gratissumum.

191 2893 255 2954 Sed
272 2893 352 2953 heria
371 2899 415 2971 tu,
438 2891 511 2952 uide
532 2893 575 2952 sis
596 2888 714 2971 nequid
730 2887 901 2972 inprudens
920 2908 1000 2951 ruas.
1129 2869 1135 2880 ⁵

189 2991 314 3052 Patrem
336 2991 452 3052 nouisti
473 2988 512 3050 ad
532 2991 588 3080 iris
608 3007 661 3049 rea
686 3007 775 3068 quum
797 2990 838 3049 sit
859 2988 1035 3070 perspicax:
1066 2997 1118 3053 370

189 3092 256 3172 Ego
278 3097 310 3152 te
334 3091 435 3151 alitem
457 3090 530 3150 noui
553 3107 643 3167 quam
665 3089 733 3148 esse
756 3086 857 3147 sulcus
877 3090 1037 3168 inpotens:
1134 3102 1172 3144 ιιι

189 3190 315 3251 inuersa
336 3191 442 3268 uerba,
465 3189 591 3250 euersas
612 3187 744 3247 ceruicis
763 3193 842 3263 tuas,

191 3289 343 3368 Gemitus,
365 3294 514 3368 screatus,
535 3285 641 3366 tussia,
662 3287 743 3347 risus
765 3286 896 3348 abstine.

104 3389 192 3450 Curr.
213 3386 377 3448 Laudibis.
400 3385 452 3448 Sr.
471 3384 555 3448 Vide
576 3385 627 3445 ais.
652 3383 738 3446 Cirr.
759 3382 901 3442 Tritimct
920 3380 1084 3439 miribere.

102 3487 159 3550 Su.
183 3484 248 3550 Sed
270 3489 358 3568 quim
382 3485 443 3547 cito
467 3492 539 3546 aunt
560 3487 744 3545 cdusecutae
766 3477 929 3540 mdlieres!
1067 3482 1119 3537 375
