2596 3934
94 258 263 310 vec-2⁹
455 257 738 326 livaciiVs.
1043 262 1104 327 115

182 428 280 504 Quem
301 423 512 505 praestolare,
534 425 704 506 Pirmeno,
726 430 777 488 hic
798 436 869 490 unte
890 433 1023 493 estium?
1051 439 1135 496 975³

92 524 152 584 Pe.
182 525 258 600 Quis
293 523 438 583 hcmusti
477 524 583 601 chem,
619 523 735 585 saluom
766 531 799 586 te
834 528 998 608 tduenire,
1030 548 1101 607 ere,

551 622 679 701 gaudeo.
813 621 816 627 ’

90 719 151 778 Le.
181 721 279 795 Quem
298 718 514 801 praestolare?
553 720 611 782 Pr.
632 721 733 781 Perii:
755 721 858 803 lingue
879 724 989 784 haeret
1008 731 1101 785 metu.

546 817 603 878 LA.
626 819 717 897 Hem,

181 913 262 991 Quid
283 914 433 992 estquod
455 915 616 996 trepidus?
638 918 737 978 sutine
760 916 885 979 selune?
908 919 958 979 dic
973 919 1058 980 mihi.

92 1012 152 1072 ΡΛ.
179 1013 260 1091 lire,
281 1014 412 1092 primum
434 1018 468 1072 te
488 1013 633 1073 erbitrtri
649 1012 684 1073 id
705 1014 788 1093 qued
808 1034 861 1075 res
883 1017 932 1076 est
949 1014 1058 1075 uelim:

179 1107 336 1189 Quidquid
347 1109 437 1169 huius
448 1109 607 1188 factumst,
623 1109 715 1192 culpe
725 1131 789 1172 non
799 1113 946 1173 factumst
957 1131 1032 1172 mee.
1049 1119 1101 1174 989
1119 1125 1144 1167 1⁰

89 1205 150 1265 Ls.
181 1205 286 1281 Quid?
306 1207 362 1267 Pu.
385 1206 484 1267 Recte
503 1226 578 1268 sune
597 1205 813 1289 interrogasti:
834 1212 973 1291 opdrtuit

176 1302 255 1364 Rem
273 1305 492 1384 precnemusse
511 1325 571 1366 me.
609 1307 684 1367 emit
705 1307 857 1387 quendum
876 1308 1030 1389 Phaedria

176 1401 375 1481 Eunuchum,
396 1422 487 1482 quem
508 1402 590 1464 deno
608 1404 681 1464 huic
703 1404 801 1483 deret.
830 1407 887 1468 Ls.
910 1406 1012 1485 Quoi?
1043 1407 1100 1466 ΡΑ.

550 1503 673 1564 Thti'di.

89 1597 150 1658 Le.
177 1598 283 1658 Emit?
304 1600 385 1680 perii
407 1598 524 1660 hercle.
547 1600 676 1679 quunti?
719 1600 776 1660 Pr.
797 1600 916 1682 viginti
937 1602 1037 1661 minis.

91 1695 149 1756 Le.
174 1695 325 1756 Actumst.
367 1696 424 1756 ΡΑ.
451 1695 532 1756 Τυω
559 1695 709 1774 quendum
732 1695 893 1757 fidicinam
922 1704 1002 1758 umet
1027 1699 1100 1758 hirec
1118 1716 1143 1758 ru
1245 1783 1247 1787 ι

549 1795 699 1857 Gheeree.
1049 1805 1101 1860 985

90 1891 150 1950 Ls.
178 1891 275 1964 Hem,
297 1890 396 1971 quid?
424 1893 525 1952 umet?
559 1912 598 1952 un
617 1894 676 1954 scit
697 1895 757 1953 iem
778 1892 832 1954 ille
857 1893 931 1972 quid
952 1899 1100 1956 meretrix

550 1990 634 2050 siet?

176 2087 226 2146 An
248 2088 281 2146 in
302 2091 370 2149 istu
391 2089 501 2148 ueniti
521 2088 606 2150 uliud
626 2107 665 2149 ex
687 2087 747 2149 ulid
769 2087 892 2153 melum.

90 2186 149 2246 Pe.
175 2183 256 2264 Ere,
276 2187 318 2246 ne
339 2205 389 2247 me
409 2191 547 2267 spectes:
577 2206 626 2248 me
648 2186 809 2270 inpulsore
831 2188 908 2254 heec
929 2191 992 2250 min
1013 2189 1098 2250 iecit.

89 2284 149 2344 Ls.
178 2284 296 2344 Omitte
317 2283 357 2345 de
376 2290 410 2344 te
432 2284 548 2346 dicere.
584 2306 641 2364 ego
662 2294 712 2362 te,
734 2287 877 2366 furcifer,

177 2381 211 2442 Si
232 2385 336 2443 uiue..
351 2379 408 2443 sed
418 2384 515 2461 istuc,
529 2383 678 2464 quidquid
690 2390 753 2463 est,
767 2385 898 2466 primum
911 2383 1032 2465 expedi.
1047 2394 1099 2449 990
1115 2401 1141 2444 tc

91 2481 150 2542 ΡΑ.
177 2481 206 2540 is
227 2499 285 2561 pro
305 2479 361 2540 illc
382 2482 524 2542 eunucho
544 2480 583 2541 ed
604 2481 755 2543 Thtidem
775 2481 925 2543 deductus
947 2489 1004 2545 est.

90 2579 150 2639 us.
177 2577 240 2638 Pru
267 2578 454 2639 eunuchcni
501 2579 559 2640 Pe.
588 2579 641 2639 Sic
668 2586 726 2642 est.
768 2580 853 2641 hunc
882 2599 940 2661 pre
969 2582 1099 2642 moecho

567 2680 653 2738 detes

178 2773 413 2855 Comprendere
433 2776 517 2836 intus
536 2696 569 2835 d
589 2776 814 2837 constrinxere.
856 2774 914 2835 Ls.
938 2759 1056 2839 Occidi.

91 2873 149 2932 Pe.
178 2871 344 2932 Audtciem
364 2876 562 2934 meretricum
583 2881 699 2955 specte.
740 2874 797 2936 Le.
818 2872 975 2954 Numquid
996 2881 1045 2936 est

176 2969 272 3031 Aliud
294 2969 367 3031 meli
389 2971 530 3033 damnine
551 2972 634 3052 quod
655 2992 717 3033 non
739 2972 855 3034 dixeris
1047 2981 1099 3036 995
1116 2990 1143 3031 re

175 3067 358 3129 Relicucm‘i
410 3070 465 3131 Pr.
492 3069 665 3132 Tentumst.
719 3070 777 3132 Ls.
806 3072 901 3133 (iusso
928 3073 989 3132 huc
1014 3072 1098 3132 intre

538 3169 707 3250 rumperet

90 3264 148 3324 Pe.
175 3263 245 3323 Non
259 3262 414 3327 dubiumst
429 3267 502 3346 quin
513 3267 588 3327 mihi
601 3271 741 3346 mugnum
752 3287 790 3328 ex
800 3269 858 3329 huc
872 3287 908 3330 re
918 3271 958 3329 sit
972 3266 1099 3329 mulum=

176 3361 244 3422 Nisi
266 3364 334 3440 quis
355 3381 501 3425 necessus
522 3365 584 3425 fuit
605 3366 665 3426 hec
683 3366 797 3428 iecere.
827 3364 860 3425 id
882 3365 1001 3446 gaudee

177 3461 312 3542 Propter
332 3479 382 3523 me
402 3463 489 3524 hisce
511 3461 629 3542 aliquid
649 3464 717 3525 esse
739 3465 923 3604 euentnrgrnr
943 3460 1030 3521 mulir
