2582 3932
581 245 789 309 aucuia,
1025 249 1191 302 1154—82
1279 192 1282 207 ’

267 415 447 478 Perdiixerc
467 413 557 493 illuc,
576 416 680 475 adeum
702 421 737 475 ut
758 435 817 475 una
838 417 937 494 caudi,
958 435 1069 484 meum.

266 515 398 594 Egcmdt
414 517 559 576 continuo
581 517 700 574 mdcum
723 519 822 575 ‘certa
842 519 949 597 cdptus
971 523 1034 576 cat:

265 607 386 675 Habet?
409 612 609 675 dbaeruabam
629 617 718 674 minc
738 613 863 674 illorum
884 612 1024 674 samaias

266 711 430 773 chidntia
451 717 503 771 aut
523 712 681 772 abcainiia:
703 712 873 790 rogitabum
891 707 981 772 ‘heia
1003 731 1094 793 puer,

266 809 324 869 Dic
346 806 454 886 addes,
477 811 545 888 quia
567 810 637 869 heri
660 808 845 889 Chrysidem
865 811 1005 870 habuit‘i’
1033 829 1103 871 uam
1124 792 1189 870 iin-

638 905 725 966 driae
1083 951 1087 957 -
1151 915 1188 969 85
1210 929 1213 942 ·

263 999 314 1061 illi
334 1000 368 1062 id
388 1009 457 1063 caat
476 1021 598 1066 nomen.
633 1003 684 1064 Sc.
713 1003 831 1064 Tduec.
866 1003 908 1064 Si.
937 1003 1113 1065 Phaedrum
1136 1012 1188 1064 aut

592 1177 594 1180 Ι
635 1099 767 1162 Cliniam

265 1197 417 1257 Dicdbant
436 1203 488 1257 aut
507 1185 701 1259 Nicdrctum:
722 1219 792 1258 uam
812 1200 845 1258 hi
865 1205 931 1260 tres
952 1201 1018 1261 taim
1040 1196 1131 1260 aimul

264 1295 424 1354 Amdbant.
443 1296 530 1374 εεΙιιι,
552 1297 626 1377 quid
636 1296 849 1378 Pimphilua‘i'
874 1297 996 1376 “quidi
1017 1295 1187 1359 simbolam

262 1391 373 1471 Dedit,
396 1395 554 1454 cenauit.”
577 1394 766 1475 gaudebam„
788 1397 863 1455 item
885 1395 946 1456 alid
969 1395 1020 1456 die

265 1493 470 1568 Quacrdbam:
494 1495 720 1575 comperidbam
740 1492 786 1554 nil
808 1494 847 1554 ad
867 1493 1059 1574 Pimphilum
1152 1501 1188 1556 90
1284 1517 1285 1534 i

265 1591 433 1667 Quicquam
455 1592 597 1651 ditincre.
631 1593 713 1652 enim
733 1593 809 1650 acra
831 1593 1002 1672 speciatim
1022 1590 1096 1650 satia

262 1685 411 1748 Putdbam
432 1693 465 1748 et
486 1706 626 1766 magnum
648 1685 821 1766 examplum
842 1685 1066 1748 cautiudniiac:

263 1786 339 1846 Nam
362 1789 413 1866 qui
436 1806 505 1847 cum
515 1788 651 1866 ingeniis
674 1787 867 1846 cduflictatur
888 1787 954 1844 eiua
975 1782 1058 1842 madi

261 1883 370 1963 Neque
393 1887 602 1944 cdmmouctur
623 1885 741 1944 dnimus
762 1887 795 1943 in
817 1902 854 1943 aa
874 1883 910 1942 ad
931 1889 1044 1958 tamen,

263 1977 348 2039 Scias
370 1983 463 2061 pdaac
484 1982 602 2041 habere
622 1982 682 2041 iam
695 1983 794 2061 ipaum
809 1999 882 2041 auac
898 1981 981 2040 uitad
997 1978 1129 2040 modum.
1151 1988 1187 2042 95

263 2077 361 2152 Quum
383 2077 416 2137 id
437 2079 512 2138 mihi
532 2078 692 2160 placebat,
713 2085 779 2139 tum
799 2080 860 2138 ιἰιιο
882 2096 938 2138 cre
960 2097 1066 2137 omnes
1084 2079 1187 2137 dmnia

263 2176 349 2236 Bona
372 2176 477 2238 dicere
500 2185 534 2239 et
553 2176 681 2239 lauddre
702 2179 841 2238 fortunia
862 2195 956 2254 meaa,

147 2291 149 2295 ·
263 2274 322 2351 Qui
345 2279 467 2354 gudtum
488 2277 636 2338 haberem
656 2275 713 2336 tili
732 2275 857 2353 iugenio
879 2272 1064 2354 pradditum.

263 2371 343 2448 Quid
364 2375 471 2434 udabia
491 2394 568 2454 cpua
591 2375 661 2434 eati
690 2375 748 2433 hic
768 2373 849 2432 fama
870 2369 1011 2452 inpulaaia
1033 2373 1186 2432 Chremes

262 2470 353 2533 Vltro
376 2472 414 2533 dd
436 2491 485 2532 mc
506 2475 608 2551 uenit,
631 2473 751 2532 inicam
770 2474 889 2548 guatdm
909 2489 993 2529 auam
1133 2482 1187 2534 100
1241 2484 1244 2489 “

262 2570 339 2630 (ium
359 2569 433 2631 ddtc
453 2591 567 2631 summa
589 2569 657 2630 iilic
678 2587 805 2629 uxorem
827 2568 862 2627 dt
878 2565 977 2626 daret.

258 2665 395 2727 Placuit:
415 2667 583 2748 despondi:
604 2668 656 2728 hic
674 2667 790 2746 niiptiia
813 2663 928 2726 dictust
948 2664 1023 2726 dica.

221 2809 227 2824 .
263 2763 344 2840 Quid
364 2767 459 2845 igitur
481 2767 599 2842 ubatai,
622 2768 700 2842 qudr
718 2783 782 2822 uon
801 2765 902 2825 fiant?
935 2765 979 2825 Si.
1003 2761 1132 2824 Auidiea.

258 2861 373 2922 Ferme
394 2866 426 2923 iu
448 2862 558 2922 diebus
578 2861 702 2941 padcia,
725 2861 834 2939 quibus
852 2861 929 2919 hacc
949 2861 1016 2918 dcta
1037 2864 1118 2935 aunt,

259 2959 388 3040 Ghryaia
403 2961 505 3021 uicina
521 2961 598 3020 haec
613 2959 754 3018 mdaiiur.
778 2956 829 3018 Sc.
846 2956 872 3016 0
888 2955 1005 3016 faciiim
1017 2957 1113 3015 benc:
1131 2968 1184 3021 105

258 3056 379 3116 necati:
415 3058 445 3117 ci
469 3056 565 3116 metui
587 3052 784 3133 achayaide.
815 3053 858 3114 S1.
881 3053 926 3112 ibi
947 3059 1011 3112 tum
1032 3051 1119 3112 issiua
1284 3115 1285 3136 ἢ

251 3153 336 3212 ¹Cum
353 3150 433 3230 illis,
457 3153 509 3232 qui
530 3158 667 3212 amarant
688 3149 889 3229 Chrysidem,
908 3169 968 3208 una
988 3148 1095 3210 aderit
1116 3152 1183 3213 i'rc-
1284 3145 1285 3174 ¹

634 3265 748 3328 quens:

258 3343 393 3404 Gurdbat
412 3363 473 3404 uua
490 3345 598 3405 iduuaz
619 3346 719 3406 tristis
738 3345 875 3421 iuterim,

251 3437 325 3533 'Nou
345 3440 509 3518 numquam
532 3441 786 3503 conlacrumdbut.
819 3438 936 3520 placuit
955 3445 1020 3502 ium
1040 3437 1074 3500 id
1095 3439 1181 3501 mihi.
1284 3465 1285 3534 J
