2602 3932
194 245 257 308 242
616 247 783 310 HECYRA.
1049 258 1088 312 12
1103 262 1207 316 5-3o

168 449 180 487 ι
278 429 363 490 Alias
380 439 414 492 nt
427 432 473 490 uti
487 432 603 510 possim
618 453 707 492 causa
721 433 778 492 hac
792 435 922 512 integra.
1168 448 1209 502 80

281 529 343 589 Sed
359 529 474 589 uideon
491 547 549 608 ego
565 528 757 590 Philotium?
778 529 861 590 unde
874 532 952 592 haec
969 531 1117 594 tduenit?

279 626 430 707 Philotis,
453 627 538 688 salue
553 627 693 691 mirltum.
716 629 775 690 Pn.
791 627 818 688 0
835 628 935 707 salue,
953 631 1115 692 Ptrmeno.

195 728 247 789 Sr.
279 727 371 788 Saloe
385 733 556 804 mecastor,
575 728 738 788 Ptrmeno.
760 729 817 790 Ps.
829 729 870 790 Et
883 735 918 790 tu
933 728 1061 810 edepol,
1082 731 1172 810 Syra.

278 826 335 885 Dic
350 827 407 904 mi,
428 827 497 903 ιἰΙιΙ,
520 825 670 904 Philotis,
694 832 725 886 te
740 825 903 886 oblectasti
920 831 982 887 ttm
997 826 1070 887 diu?

155 933 180 975 ¹⁰
193 926 250 988 Ριι.
279 925 418 985 Minnme
435 922 578 1003 equidem
593 943 644 984 me
661 922 830 1002 oblecttui,
853 943 1014 1004 quaecum
1029 924 1129 986 milite
1165 938 1202 992 85

278 1023 461 1085 Corinthum
476 1024 549 1082 hinc
566 1042 632 1082 sum
648 1023 791 1103 profecta
804 1023 1082 1083 inhumanissnmo:

278 1123 441 1182 Biennium
456 1123 501 1181 ibi
514 1122 699 1202 perpetuom
714 1122 826 1180 misera
841 1117 930 1180 illom
944 1118 1013 1184 tuli.

193 1220 247 1282 Ps.
275 1217 398 1298 Edepol
413 1225 445 1278 te
461 1215 651 1279 desiderium
664 1218 856 1278 Athenarum
872 1218 1018 1296 tabitrm,

279 1315 465 1394 Philotium,
489 1320 610 1396 cepisse
625 1334 717 1396 saepe
732 1323 765 1376 et
779 1319 812 1378 tt
828 1323 911 1377 tuom

152 1428 174 1468 ¹⁵
278 1414 451 1476 Consilium
469 1418 700 1495 contempsisse.
730 1416 789 1477 Pn.
804 1416 874 1476 Non
888 1414 950 1475 dici
964 1421 1079 1495 potest,
1164 1427 1202 1481 90

278 1516 375 1593 Quam
390 1513 502 1595 cipitia
517 1533 602 1575 eram
618 1515 678 1574 hnc
692 1512 861 1592 redeindi,
884 1511 1017 1574 abeundi
1033 1534 1050 1574 a
1063 1513 1163 1575 milite

276 1614 404 1693 Vosque
419 1614 471 1672 hic
487 1611 632 1692 uidendi,
652 1616 777 1691 antiqua
791 1618 826 1672 nt
840 1610 1065 1673 consuetirlinc

276 1712 435 1791 Agittrem
450 1711 534 1770 inter
549 1730 604 1771 nos
619 1709 721 1772 libere
740 1711 928 1770 conuiuium:

275 1808 351 1867 Nam
365 1806 415 1868 illi
430 1806 513 1868 harirl
527 1805 643 1869 licebat
656 1810 717 1869 nisi
729 1809 893 1889 praefinito
907 1806 995 1888 loqui
1044 1807 1047 1811 ’
1289 1811 1290 1858 ἐ

153 1918 178 1958 ao
276 1905 360 1981 Quae
374 1903 424 1964 illi
437 1902 608 1984 placerent.
639 1905 696 1970 ΡΛ.
712 1904 803 1966 Harid
819 1906 928 1986 opinor
943 1903 1101 1966 commode
1163 1917 1198 1972 95
1289 1859 1290 1949 i

275 2007 385 2070 Finem
399 2007 542 2066 statuisse
559 2006 691 2066 orttioni
705 2004 844 2066 militem.
1143 1989 1145 1994 ⁵

191 2104 247 2167 Pn.
278 2103 342 2164 Sed
357 2101 432 2182 quid
444 2103 503 2162 hoc
514 2104 671 2181 negotist,
691 2102 782 2164 morlo
800 2101 883 2183 quod
896 2107 1034 2164 narrauit
1048 2103 1124 2163 mihi

275 2201 335 2261 Hic
350 2203 433 2262 intus
448 2202 600 2262 Bacchis?
619 2200 701 2281 qaod
716 2221 773 2281 ego
788 2222 951 2282 numquam
969 2199 1090 2262 credidi

273 2299 373 2378 Fore,
396 2306 430 2359 ut
448 2297 503 2358 ssle
519 2301 576 2360 hac
592 2301 663 2360 uiae
676 2303 783 2380 posset
800 2302 931 2362 animum
946 2298 1096 2360 indicere

152 2415 177 2454 2⁵
275 2399 411 2462 onrem
425 2400 552 2462 habere.
574 2399 630 2462 l’s.
649 2400 774 2460 Habere
790 2399 915 2460 antemi
935 2398 993 2459 Pn.
1008 2399 1076 2460 Eho
1094 2407 1140 2478 tu,
1157 2420 1197 2460 an

649 2498 844 2558 nonhabet?
1144 2511 1196 2562 100

190 2594 245 2657 Ps.
276 2595 395 2657 Habet:
417 2594 474 2656 secl
487 2596 595 2656 firmae
610 2596 668 2656 hae
684 2597 798 2657 ue'reor
813 2603 848 2655 at
862 2597 925 2656 sint
937 2596 1073 2678 na'aptiae.

190 2691 247 2752 Prr.
275 2694 321 2753 Ita
337 2694 368 2754 di
386 2693 525 2774 deaeque
540 2695 652 2774 itxint,
675 2697 702 2755 si
715 2696 749 2754 in
763 2714 830 2755 rem
846 2702 894 2756 est
909 2695 1081 2757 Bacchidis.

275 2788 338 2849 Sed
355 2794 408 2868 qni
424 2792 504 2851 istuc
518 2791 644 2852 credam
660 2793 703 2852 ita
724 2794 811 2871 esse,
831 2790 882 2853 dic
896 2794 987 2871 mihi,
1010 2793 1173 2856 Pirmeno.

118 2941 121 2945 .
189 2885 246 2947 Pa.
271 2887 341 2946 Non
355 2890 403 2948 est
418 2907 494 2969 opus
508 2888 648 2970 proltto:
671 2893 730 2952 hoc
745 2893 960 2972 perconttrier

149 3003 175 3046 so
271 2984 402 3045 Desiste.
426 2986 483 3047 Pn.
495 2987 614 3068 Nempe
626 3006 663 3049 ea
675 2993 781 3067 carisa,
796 2995 831 3049 at
843 3009 883 3049 ne
893 2989 927 3050 id
938 2991 992 3051 fiat
1004 2989 1127 3070 palam?
1143 3001 1194 3054 105

272 3083 318 3142 Ita
333 3086 382 3143 me
398 3082 430 3143 di
446 3088 606 3165 amabunt,
628 3087 711 3148 haid
726 3095 895 3169 propterea
910 3091 943 3148 te'
957 3108 1044 3168 rogo,

272 3181 316 3242 Vt
330 3182 390 3240 hoc
405 3183 579 3262 proferam,
602 3182 660 3244 sed
674 3193 709 3244 ut
724 3187 817 3245 ttcita
831 3204 950 3245 mecum
966 3183 1123 3264 gaideam.

188 3276 245 3338 Pa.
271 3278 442 3358 Namqutm
458 3290 520 3341 tarn
535 3281 620 3344 dices
638 3283 814 3360 commode,
835 3293 870 3346 nt
885 3285 1005 3362 tergr'rm
1020 3302 1123 3344 meum

273 3377 372 3438 'snam
386 3382 417 3438 in
434 3378 528 3440 fldem
543 3383 739 3442 committam.
763 3382 821 3444 Ριι.
836 3383 886 3444 Ah
899 3381 979 3458 noli,
998 3381 1167 3443 Parmeno:

148 3481 172 3521 ³⁵
271 3473 364 3548 Quasi
380 3476 413 3534 tir
431 3493 492 3534 non
507 3477 602 3538 multo
618 3475 706 3538 milis
721 3499 850 3540 narrare
868 3481 927 3542 hoc
940 3480 1016 3540 mihi
1144 3492 1194 3543 110

1225 3581 1284 3908 i
