2596 3934
98 169 299 224 111123-52
356 163 543 226 llEAV'lON
566 114 853 229 llMORVllIlNOS.
1042 169 1104 238 147

184 347 276 408 Meus
288 347 399 408 uenit?
421 348 479 409 Cn.
494 347 572 409 Dixi.
593 347 658 412 Mn.
672 349 801 409 Etmus:
823 348 882 412 due
900 371 950 413 me
969 351 1105 435 adeum,

558 447 697 507 ebsecro.

21 551 22 558 ’
98 543 158 604 Cn.
186 541 255 602 Non
276 541 346 602 uult
365 548 398 602 te
421 543 502 602 seire
524 541 559 601 se
579 541 700 603 redisse
723 545 825 622 etiam,
848 547 880 606 et
900 553 984 608 tuom

186 639 394 721 Conspectum
414 639 542 718 fugitat:
561 643 693 720 prepter
712 649 874 723 peecatum
894 644 954 704 haic
972 645 1072 724 timet,
1117 659 1143 698 ²⁸

183 737 230 798 Ne
252 739 305 798 tm
326 736 439 798 duritia
461 739 583 817 antiqua
603 737 659 798 illa
680 741 773 800 etiam
794 738 923 801 adaucta
947 742 997 802 sit.
1053 752 1104 808 435

99 835 165 895 Mn.
185 835 254 895 Non
279 841 315 896 tu
341 839 372 896 ei
400 834 505 896 dixisti
532 843 566 896 ut
592 837 715 898 ensem?
746 838 804 899 Cn.
820 838 890 898 Non
927 838 992 898 Mn.
1009 840 1105 916 Quam

559 934 676 1013 obrem,
699 935 872 996 Chremes?

100 1029 159 1092 Gn.
183 1030 261 1106 Quia
281 1031 424 1109 pessume
444 1031 524 1091 istuc
547 1034 579 1089 in
601 1038 634 1091 te
657 1037 749 1111 etque
770 1033 802 1093 iu
820 1031 910 1093 illum
933 1031 1079 1112 cuntulit,

185 1128 219 1188 Si
240 1127 273 1187 te
291 1132 353 1188 tam
373 1126 439 1189 leui
460 1136 494 1190 et
513 1131 595 1190 uicto
616 1148 686 1190 esse
707 1131 807 1190 animo
829 1130 1014 1213 ostenderis.

98 1227 164 1288 Mn.
183 1226 255 1288 Non
269 1230 407 1308 pessum:
430 1228 504 1287 setis
516 1229 586 1305 iam,
601 1229 675 1290 attia
688 1235 779 1308 pater
793 1227 888 1289 durus
902 1229 957 1290 fui.
975 1229 1033 1292 Gn,
1045 1230 1105 1308 Ah,
1119 1254 1144 1294 aa

184 1326 321 1388 Vemens
331 1328 365 1388 in
375 1332 537 1406 utramque
548 1329 678 1406 ptrtem,
689 1324 888 1406 Menedeme,
900 1328 934 1387 es
945 1327 1046 1405 nimis,
1053 1335 1105 1389 440

184 1425 247 1485 Aut
265 1423 409 1503 ltrgitate
430 1426 524 1484 nimia
546 1431 599 1484 aut
619 1426 813 1505 parsimalnia.

184 1521 219 1582 ln
234 1520 363 1582 etndem
377 1519 518 1581 fraudem
534 1539 572 1580 ex
585 1521 643 1580 lule
656 1539 692 1580 re
708 1527 800 1600 atque
815 1539 853 1582 ex
867 1519 921 1581 illa
933 1519 1063 1582 incides.

184 1618 321 1678 Primum
342 1619 415 1680 ellim
434 1621 539 1700 potius
561 1623 649 1698 quem
668 1625 815 1699 paterere
835 1617 934 1678 lilium

186 1716 379 1777 Commetare
400 1716 439 1777 ed
458 1713 681 1794 mulierculam,
703 1734 781 1794 quae
800 1713 927 1795 paullulo
1117 1730 1143 1772 sa

186 1813 266 1874 Tum
288 1818 356 1874 erit
376 1820 522 1878 contenta
544 1816 677 1893 quoique
699 1818 789 1873 erant
808 1818 895 1892 grata
917 1813 1027 1892 (imula,
1053 1823 1104 1877 445

184 1912 390 1972 Proterruisti
411 1912 494 1974 hine.
516 1912 552 1970 ea
573 1916 678 1972 coacta
698 1911 839 1990 ingrttlis

185 2008 316 2070 Postilla
337 2013 441 2091 eoepit
459 2011 574 2070 uictum
595 2010 686 2090 uolgo
707 2011 868 2091 quaerere.

116 2145 120 2153 ·
184 2107 274 2168 Nune
295 2111 386 2187 qutm
408 2110 475 2170 sine
497 2123 606 2188 magno
624 2109 857 2170 intertrimento
874 2109 937 2168 nin
957 2115 1063 2188 potest

185 2206 313 2284 Halaesi,
336 2206 457 2286 quiduis
479 2206 553 2269 dare
574 2209 670 2288 cupis.
694 2228 763 2268 nam
783 2213 817 2266 ut
837 2208 872 2267 tui
895 2208 984 2285 selas,
1116 2218 1143 2260 ⁴⁰

185 2304 283 2381 Quam
294 2307 421 2366 eamine
433 2308 584 2368 instructa
594 2304 727 2388 pulchre
738 2304 777 2365 ed
787 2307 958 2386 perniciem
970 2307 1041 2384 siet,
1053 2316 1106 2370 450

185 2401 322 2463 Primum
344 2405 404 2464 iam
426 2403 552 2466 ancillas
575 2407 679 2465 secum
701 2403 827 2464 adduxit
845 2400 916 2482 plu·
939 2401 1056 2482 decem,

186 2499 337 2562 Oneratas
359 2509 448 2562 ueste
471 2509 564 2583 atque
585 2504 675 2564 auito:
698 2509 820 2582 satrapa
840 2503 867 2561 si
887 2503 949 2564 siet

71 2625 77 2632 ·
185 2599 324 2678 Amiter,
344 2621 509 2681 numquam
529 2602 662 2662 aufferre
683 2599 750 2660 eius
770 2602 909 2678 sumptim
931 2605 1038 2678 queatt

185 2697 307 2760 Nedum
322 2706 356 2759 tu
370 2702 479 2780 pessis.
500 2701 565 2762 Mn.
576 2685 674 2760 Estne
689 2717 725 2759 ea
740 2696 847 2758 intus?
863 2697 921 2760 Cu.
935 2698 983 2758 Sit
994 2701 1107 2778 regas?
1119 2714 1144 2755 as
1168 2726 1169 2729 ¹

187 2797 292 2858 Sensi:
313 2819 382 2859 nam
398 2819 487 2860 unum
504 2802 533 2860 ei
547 2801 652 2860 cenam
668 2802 762 2876 atque
779 2797 846 2856 eius
861 2797 1022 2857 edmitibus
1054 2807 1105 2862 455

186 2895 281 2956 neus:
305 2896 388 2977 qaod
409 2900 435 2959 si
455 2900 567 2960 iterum
589 2897 729 2958 inmisit
751 2893 861 2973 denda,
884 2895 985 2956 aetiam
1001 2896 1071 2961 siet.

185 2990 266 3055 Nani
283 3001 318 3055 ut
339 2994 399 3056 ilia
420 2997 567 3076 omittam,
588 2992 751 3076 pytismdo
771 2992 863 3054 medo
879 2993 955 3055 mihi

187 3089 269 3169 Quid
288 3094 354 3154 uini
376 3094 544 3175 absumpsit
565 3094 622 3154 ‘sic
645 3094 727 3171 hoe‚’
751 3091 857 3154 (licens
878 3092 1043 3175 ‘asperum

184 3191 291 3270 Pater,
312 3192 372 3252 lite
392 3198 454 3252 est:
477 3190 562 3252 aliud
581 3190 683 3254 lenius
705 3183 796 3252 sodes
817 3191 920 3253 uide’:
1120 3207 1148 3248 m

184 3287 298 3350 Italeui
317 3289 401 3350 dolia
421 3293 530 3369 simnia,
553 3292 650 3354 omnis
671 3291 784 3352 seriasz
1057 3299 1109 3354 460

187 3387 293 3449 Omnis
316 3387 468 3450 sollicitos
488 3391 608 3451 hibuit:
631 3397 724 3469 atque
745 3390 823 3450 haee
843 3389 906 3526 {132
924 3407 994 3448 nox.
