<?xml version="1.0" encoding="UTF-8"?>
<!DOCTYPE html PUBLIC "-//W3C//DTD XHTML 1.0 Transitional//EN"
    "http://www.w3.org/TR/xhtml1/DTD/xhtml1-transitional.dtd">
<html xmlns="http://www.w3.org/1999/xhtml" xml:lang="en" lang="en">
 <head>
  <title>
</title>
<meta http-equiv="Content-Type" content="text/html;charset=utf-8" />
  <meta name='ocr-system' content='tesseract 3.04.00' />
  <meta name='ocr-capabilities' content='ocr_page ocr_carea ocr_par ocr_line ocrx_word'/>
</head>
<body>
  <div class='ocr_page' id='page_1' title='image "./pterenticomoedi01flecgoog/pterenticomoedi01flecgoog_0050.png"; bbox 0 0 2582 3932; ppageno 0'>
   <div class='ocr_carea' id='block_1_1' title="bbox 89 237 1106 311">
    <p class='ocr_par' dir='ltr' id='par_1_1' title="bbox 89 237 1106 311">
     <span class='ocr_line' id='line_1_1' title="bbox 89 237 1106 311; baseline 0.018 -19"><span class='ocrx_word' id='word_1_1' title='bbox 89 240 258 294; x_wconf 78' lang='lat'><strong>1215-32</strong></span> <span class='ocrx_word' id='word_1_2' title='bbox 490 237 697 301; x_wconf 76' lang='lat' dir='ltr'>ANDRIA.</span> <span class='ocrx_word' id='word_1_3' title='bbox 1066 241 1106 311; x_wconf 84' lang='grc'><strong>17</strong></span> 
     </span>
    </p>
   </div>
   <div class='ocr_carea' id='block_1_2' title="bbox 89 393 1188 3134">
    <p class='ocr_par' dir='ltr' id='par_1_2' title="bbox 89 393 1188 3134">
     <span class='ocr_line' id='line_1_2' title="bbox 89 393 1147 488; baseline 0.007 -17"><span class='ocrx_word' id='word_1_4' title='bbox 89 412 134 472; x_wconf 79' lang='lat' dir='ltr'><strong>sr.</strong></span> <span class='ocrx_word' id='word_1_5' title='bbox 176 409 299 470; x_wconf 83' lang='lat' dir='ltr'><strong>Hociue</strong></span> <span class='ocrx_word' id='word_1_6' title='bbox 320 409 384 487; x_wconf 81' lang='lat' dir='ltr'><strong>agis</strong></span> <span class='ocrx_word' id='word_1_7' title='bbox 407 427 446 468; x_wconf 82' lang='lat' dir='ltr'><strong>sn</strong></span> <span class='ocrx_word' id='word_1_8' title='bbox 467 407 552 466; x_wconf 71' lang='lat' dir='ltr'><strong>uon?</strong></span> <span class='ocrx_word' id='word_1_9' title='bbox 583 408 642 468; x_wconf 74' lang='lat' dir='ltr'><strong>Du.</strong></span> <span class='ocrx_word' id='word_1_10' title='bbox 664 393 729 488; x_wconf 78' lang='lat' dir='ltr'><strong>Ego</strong></span> <span class='ocrx_word' id='word_1_11' title='bbox 752 428 827 471; x_wconf 85' lang='lat' dir='ltr'><strong>uero</strong></span> <span class='ocrx_word' id='word_1_12' title='bbox 850 412 938 472; x_wconf 78' lang='lat' dir='ltr'><strong>istuc.</strong></span> <span class='ocrx_word' id='word_1_13' title='bbox 975 412 1018 474; x_wconf 90' lang='lat' dir='ltr'><strong>Sr.</strong></span> <span class='ocrx_word' id='word_1_14' title='bbox 1041 412 1104 474; x_wconf 73' lang='lat' dir='ltr'><strong>sed</strong></span> <span class='ocrx_word' id='word_1_15' title='bbox 1122 435 1147 479; x_wconf 84' lang='grc' dir='ltr'><strong>ιι</strong></span> 
     </span>
     <span class='ocr_line' id='line_1_3' title="bbox 550 513 949 590; baseline 0.015 -24"><span class='ocrx_word' id='word_1_16' title='bbox 550 526 631 568; x_wconf 86' lang='lat' dir='ltr'><strong>uunc</strong></span> <span class='ocrx_word' id='word_1_17' title='bbox 651 527 687 568; x_wconf 85' lang='lat' dir='ltr'><strong>eu</strong></span> <span class='ocrx_word' id='word_1_18' title='bbox 704 527 753 568; x_wconf 88' lang='lat' dir='ltr'><strong>me</strong></span> <span class='ocrx_word' id='word_1_19' title='bbox 773 513 949 590; x_wconf 75' lang='lat' dir='ltr'><strong>exquirere,</strong></span> 
     </span>
     <span class='ocr_line' id='line_1_4' title="bbox 176 605 1102 689; baseline 0.003 -20"><span class='ocrx_word' id='word_1_20' title='bbox 176 609 276 687; x_wconf 85' lang='lat' dir='ltr'><strong>Iniqui</strong></span> <span class='ocrx_word' id='word_1_21' title='bbox 298 607 396 687; x_wconf 82' lang='lat' dir='ltr'><strong>putris</strong></span> <span class='ocrx_word' id='word_1_22' title='bbox 416 612 478 666; x_wconf 85' lang='lat' dir='ltr'><strong>est:</strong></span> <span class='ocrx_word' id='word_1_23' title='bbox 500 610 570 666; x_wconf 78' lang='lat' dir='ltr'><strong>uem</strong></span> <span class='ocrx_word' id='word_1_24' title='bbox 587 605 670 686; x_wconf 85' lang='lat' dir='ltr'><strong>quud</strong></span> <span class='ocrx_word' id='word_1_25' title='bbox 683 608 814 668; x_wconf 77' lang='lat' dir='ltr'><strong>antehac</strong></span> <span class='ocrx_word' id='word_1_26' title='bbox 829 609 922 689; x_wconf 81' lang='lat' dir='ltr'><strong>feeit,</strong></span> <span class='ocrx_word' id='word_1_27' title='bbox 938 609 984 672; x_wconf 90' lang='lat' dir='ltr'><strong>nil</strong></span> <span class='ocrx_word' id='word_1_28' title='bbox 1000 610 1039 675; x_wconf 75' lang='lat' dir='ltr'><strong>acl</strong></span> <span class='ocrx_word' id='word_1_29' title='bbox 1053 631 1102 674; x_wconf 82' lang='lat' dir='ltr'><strong>me</strong></span> 
     </span>
     <span class='ocr_line' id='line_1_5' title="bbox 533 701 672 766; baseline -0.007 0"><span class='ocrx_word' id='word_1_30' title='bbox 533 701 672 766; x_wconf 65' lang='lat' dir='ltr'><strong>&#39;ittiuee</strong></span> 
     </span>
     <span class='ocr_line' id='line_1_6' title="bbox 175 802 1104 884; baseline 0.004 -19"><span class='ocrx_word' id='word_1_31' title='bbox 175 807 254 865; x_wconf 87' lang='lat' dir='ltr'><strong>Dum</strong></span> <span class='ocrx_word' id='word_1_32' title='bbox 274 805 395 883; x_wconf 87' lang='lat' dir='ltr'><strong>tempus</strong></span> <span class='ocrx_word' id='word_1_33' title='bbox 417 802 457 864; x_wconf 80' lang='lat' dir='ltr'><strong>ad</strong></span> <span class='ocrx_word' id='word_1_34' title='bbox 478 821 545 864; x_wconf 80' lang='lat' dir='ltr'><strong>eam</strong></span> <span class='ocrx_word' id='word_1_35' title='bbox 563 803 631 864; x_wconf 85' lang='lat' dir='ltr'><strong>re&#39;m</strong></span> <span class='ocrx_word' id='word_1_36' title='bbox 652 803 742 884; x_wconf 82' lang='lat' dir='ltr'><strong>tulit,</strong></span> <span class='ocrx_word' id='word_1_37' title='bbox 764 805 825 866; x_wconf 84' lang='lat' dir='ltr'><strong>siui</strong></span> <span class='ocrx_word' id='word_1_38' title='bbox 844 808 975 868; x_wconf 74' lang='lat' dir='ltr'><strong>inimum</strong></span> <span class='ocrx_word' id='word_1_39' title='bbox 995 813 1029 868; x_wconf 82' lang='lat' dir='ltr'><strong>ut</strong></span> <span class='ocrx_word' id='word_1_40' title='bbox 1051 827 1104 869; x_wconf 86' lang='lat' dir='ltr'><strong>ex-</strong></span> 
     </span>
     <span class='ocr_line' id='line_1_7' title="bbox 547 901 778 982; baseline -0.004 -20"><span class='ocrx_word' id='word_1_41' title='bbox 547 901 654 982; x_wconf 85' lang='lat' dir='ltr'><strong>pleret</strong></span> <span class='ocrx_word' id='word_1_42' title='bbox 675 921 778 963; x_wconf 82' lang='lat' dir='ltr'><strong>su0m=</strong></span> 
     </span>
     <span class='ocr_line' id='line_1_8' title="bbox 175 999 1101 1083; baseline 0.004 -23"><span class='ocrx_word' id='word_1_43' title='bbox 175 999 263 1060; x_wconf 86' lang='lat' dir='ltr'><strong>Nunc</strong></span> <span class='ocrx_word' id='word_1_44' title='bbox 274 1001 326 1061; x_wconf 86' lang='lat' dir='ltr'><strong>hic</strong></span> <span class='ocrx_word' id='word_1_45' title='bbox 340 999 406 1061; x_wconf 88' lang='lat' dir='ltr'><strong>dies</strong></span> <span class='ocrx_word' id='word_1_46' title='bbox 419 999 509 1061; x_wconf 78' lang='lat' dir='ltr'><strong>ulium</strong></span> <span class='ocrx_word' id='word_1_47' title='bbox 521 1004 615 1062; x_wconf 77' lang='lat' dir='ltr'><strong>uitam</strong></span> <span class='ocrx_word' id='word_1_48' title='bbox 627 999 741 1079; x_wconf 83' lang='lat' dir='ltr'><strong>defert,</strong></span> <span class='ocrx_word' id='word_1_49' title='bbox 752 1000 831 1062; x_wconf 81' lang='lat' dir='ltr'><strong>elios</strong></span> <span class='ocrx_word' id='word_1_50' title='bbox 843 1021 945 1063; x_wconf 84' lang='lat' dir='ltr'><strong>mures</strong></span> <span class='ocrx_word' id='word_1_51' title='bbox 956 1001 1101 1083; x_wconf 81' lang='lat' dir='ltr'><strong>pestulut·</strong></span> 
     </span>
     <span class='ocr_line' id='line_1_9' title="bbox 175 1097 1102 1180; baseline 0.004 -22"><span class='ocrx_word' id='word_1_52' title='bbox 175 1099 296 1158; x_wconf 85' lang='lat' dir='ltr'><strong>Dehine</strong></span> <span class='ocrx_word' id='word_1_53' title='bbox 317 1097 441 1179; x_wconf 82' lang='lat' dir='ltr'><strong>pestulo</strong></span> <span class='ocrx_word' id='word_1_54' title='bbox 463 1100 529 1159; x_wconf 86' lang='lat' dir='ltr'><strong>siue</strong></span> <span class='ocrx_word' id='word_1_55' title='bbox 550 1100 710 1178; x_wconf 73' lang='lat' dir='ltr'><strong>aequomst</strong></span> <span class='ocrx_word' id='word_1_56' title='bbox 733 1104 765 1159; x_wconf 82' lang='lat' dir='ltr'><strong>te</strong></span> <span class='ocrx_word' id='word_1_57' title='bbox 785 1119 858 1179; x_wconf 88' lang='lat' dir='ltr'><strong>oro,</strong></span> <span class='ocrx_word' id='word_1_58' title='bbox 880 1099 980 1180; x_wconf 81' lang='lat' dir='ltr'><strong>Beue,</strong></span> <span class='ocrx_word' id='word_1_59' title='bbox 1002 1106 1037 1160; x_wconf 89' lang='lat' dir='ltr'><strong>ut</strong></span> <span class='ocrx_word' id='word_1_60' title='bbox 1052 1119 1102 1162; x_wconf 88' lang='lat' dir='ltr'><strong>re·</strong></span> 
     </span>
     <span class='ocr_line' id='line_1_10' title="bbox 552 1195 1102 1261; baseline 0.009 -5"><span class='ocrx_word' id='word_1_61' title='bbox 552 1195 624 1256; x_wconf 82' lang='lat' dir='ltr'><strong>deut</strong></span> <span class='ocrx_word' id='word_1_62' title='bbox 644 1197 705 1256; x_wconf 79' lang='lat' dir='ltr'><strong>ium</strong></span> <span class='ocrx_word' id='word_1_63' title='bbox 727 1200 759 1256; x_wconf 86' lang='lat' dir='ltr'><strong>iu</strong></span> <span class='ocrx_word' id='word_1_64' title='bbox 778 1198 869 1258; x_wconf 83' lang='lat' dir='ltr'><strong>uism.</strong></span> <span class='ocrx_word' id='word_1_65' title='bbox 1050 1206 1102 1261; x_wconf 82' lang='lat'><strong>190</strong></span> 
     </span>
     <span class='ocr_line' id='line_1_11' title="bbox 91 1285 1188 1374; baseline 0.005 -20"><span class='ocrx_word' id='word_1_66' title='bbox 91 1294 150 1356; x_wconf 78' lang='lat' dir='ltr'><strong>m.</strong></span> <span class='ocrx_word' id='word_1_67' title='bbox 181 1293 251 1354; x_wconf 78' lang='lat' dir='ltr'><strong>Hoc</strong></span> <span class='ocrx_word' id='word_1_68' title='bbox 273 1293 348 1374; x_wconf 83' lang='lat' dir='ltr'><strong>quid</strong></span> <span class='ocrx_word' id='word_1_69' title='bbox 365 1295 428 1355; x_wconf 73' lang='lat' dir='ltr'><strong>siti</strong></span> <span class='ocrx_word' id='word_1_70' title='bbox 452 1293 494 1354; x_wconf 85' lang='lat' dir='ltr'><strong>Sr.</strong></span> <span class='ocrx_word' id='word_1_71' title='bbox 518 1294 649 1372; x_wconf 80' lang='lat' dir='ltr'><strong>Omnes,</strong></span> <span class='ocrx_word' id='word_1_72' title='bbox 672 1297 725 1374; x_wconf 86' lang='lat' dir='ltr'><strong>qui</strong></span> <span class='ocrx_word' id='word_1_73' title='bbox 746 1302 863 1373; x_wconf 74' lang='lat' dir='ltr'><strong>amant,</strong></span> <span class='ocrx_word' id='word_1_74' title='bbox 883 1296 1021 1374; x_wconf 77' lang='lat' dir='ltr'><strong>grauiter</strong></span> <span class='ocrx_word' id='word_1_75' title='bbox 1042 1297 1145 1360; x_wconf 77' lang='lat' dir='ltr'><strong>sibim</strong></span> <span class='ocrx_word' id='word_1_76' title='bbox 1185 1285 1188 1292; x_wconf 64' lang='grc'><strong>’</strong></span> 
     </span>
     <span class='ocr_line' id='line_1_12' title="bbox 552 1389 898 1456; baseline 0.02 -8"><span class='ocrx_word' id='word_1_77' title='bbox 552 1389 619 1451; x_wconf 83' lang='lat' dir='ltr'><strong>duri</strong></span> <span class='ocrx_word' id='word_1_78' title='bbox 638 1393 765 1452; x_wconf 84' lang='lat' dir='ltr'><strong>uxorem</strong></span> <span class='ocrx_word' id='word_1_79' title='bbox 782 1392 898 1456; x_wconf 82' lang='lat' dir='ltr'><strong>ferunt.</strong></span> 
     </span>
     <span class='ocr_line' id='line_1_13' title="bbox 90 1487 1103 1570; baseline 0.003 -20"><span class='ocrx_word' id='word_1_80' title='bbox 90 1492 150 1552; x_wconf 75' lang='lat' dir='ltr'><strong>Du.</strong></span> <span class='ocrx_word' id='word_1_81' title='bbox 177 1491 223 1551; x_wconf 84' lang='lat' dir='ltr'><strong>Itu</strong></span> <span class='ocrx_word' id='word_1_82' title='bbox 243 1490 337 1549; x_wconf 77' lang='lat' dir='ltr'><strong>eiunt.</strong></span> <span class='ocrx_word' id='word_1_83' title='bbox 371 1488 414 1549; x_wconf 88' lang='lat' dir='ltr'><strong>Sr.</strong></span> <span class='ocrx_word' id='word_1_84' title='bbox 443 1487 523 1548; x_wconf 84' lang='lat' dir='ltr'><strong>Tum</strong></span> <span class='ocrx_word' id='word_1_85' title='bbox 549 1488 644 1567; x_wconf 85' lang='lat' dir='ltr'><strong>siquis</strong></span> <span class='ocrx_word' id='word_1_86' title='bbox 668 1489 847 1568; x_wconf 82' lang='lat' dir='ltr'><strong>magistrum</strong></span> <span class='ocrx_word' id='word_1_87' title='bbox 868 1489 951 1570; x_wconf 82' lang='lat' dir='ltr'><strong>cepit</strong></span> <span class='ocrx_word' id='word_1_88' title='bbox 974 1490 1013 1551; x_wconf 81' lang='lat' dir='ltr'><strong>ad</strong></span> <span class='ocrx_word' id='word_1_89' title='bbox 1036 1511 1103 1553; x_wconf 89' lang='lat' dir='ltr'><strong>eum</strong></span> 
     </span>
     <span class='ocr_line' id='line_1_14' title="bbox 550 1587 809 1666; baseline 0.004 -21"><span class='ocrx_word' id='word_1_90' title='bbox 550 1604 617 1645; x_wconf 87' lang='lat' dir='ltr'><strong>rem</strong></span> <span class='ocrx_word' id='word_1_91' title='bbox 634 1587 809 1666; x_wconf 83' lang='lat' dir='ltr'><strong>inprobum,</strong></span> 
     </span>
     <span class='ocr_line' id='line_1_15' title="bbox 175 1681 1104 1767; baseline 0.003 -22"><span class='ocrx_word' id='word_1_92' title='bbox 175 1685 277 1764; x_wconf 86' lang='lat' dir='ltr'><strong>Ipsum</strong></span> <span class='ocrx_word' id='word_1_93' title='bbox 297 1683 430 1743; x_wconf 76' lang='lat' dir='ltr'><strong>inimum</strong></span> <span class='ocrx_word' id='word_1_94' title='bbox 452 1689 611 1762; x_wconf 79' lang='lat' dir='ltr'><strong>aegrotum</strong></span> <span class='ocrx_word' id='word_1_95' title='bbox 633 1682 671 1743; x_wconf 80' lang='lat' dir='ltr'><strong>ud</strong></span> <span class='ocrx_word' id='word_1_96' title='bbox 693 1681 882 1746; x_wconf 73' lang='lat' dir='ltr'><strong>deteriorem</strong></span> <span class='ocrx_word' id='word_1_97' title='bbox 900 1689 1021 1765; x_wconf 80' lang='lat' dir='ltr'><strong>pertem</strong></span> <span class='ocrx_word' id='word_1_98' title='bbox 1034 1685 1104 1767; x_wconf 88' lang='lat' dir='ltr'><strong>ple-</strong></span> 
     </span>
     <span class='ocr_line' id='line_1_16' title="bbox 416 1779 845 1861; baseline 0 -20"><span class='ocrx_word' id='word_1_99' title='bbox 416 1782 420 1789; x_wconf 88' lang='grc'><strong>’</strong></span> <span class='ocrx_word' id='word_1_100' title='bbox 461 1829 467 1844; x_wconf 87' lang='grc'><strong>.</strong></span> <span class='ocrx_word' id='word_1_101' title='bbox 550 1799 680 1860; x_wconf 84' lang='lat' dir='ltr'><strong>rumque</strong></span> <span class='ocrx_word' id='word_1_102' title='bbox 702 1779 845 1861; x_wconf 62' lang='lat' dir='ltr'><strong>adplicat.</strong></span> 
     </span>
     <span class='ocr_line' id='line_1_17' title="bbox 90 1875 1103 1958; baseline 0.003 -19"><span class='ocrx_word' id='word_1_103' title='bbox 90 1881 149 1941; x_wconf 75' lang='lat' dir='ltr'><strong>Du.</strong></span> <span class='ocrx_word' id='word_1_104' title='bbox 179 1875 249 1940; x_wconf 83' lang='lat' dir='ltr'><strong>Nun</strong></span> <span class='ocrx_word' id='word_1_105' title='bbox 264 1877 373 1939; x_wconf 82' lang='lat' dir='ltr'><strong>hercle</strong></span> <span class='ocrx_word' id='word_1_106' title='bbox 387 1877 547 1958; x_wconf 81' lang='lat' dir='ltr'><strong>intellege.</strong></span> <span class='ocrx_word' id='word_1_107' title='bbox 580 1879 624 1940; x_wconf 88' lang='lat' dir='ltr'><strong>Sr.</strong></span> <span class='ocrx_word' id='word_1_108' title='bbox 639 1877 731 1939; x_wconf 77' lang='lat' dir='ltr'><strong>Noui</strong></span> <span class='ocrx_word' id='word_1_109' title='bbox 753 1879 834 1940; x_wconf 87' lang='lat' dir='ltr'><strong>hem.</strong></span> <span class='ocrx_word' id='word_1_110' title='bbox 867 1879 1022 1942; x_wconf 66' lang='lat' dir='ltr'><strong>uuum:</strong></span> <span class='ocrx_word' id='word_1_111' title='bbox 1043 1882 1103 1942; x_wconf 81' lang='lat' dir='ltr'><strong>De-</strong></span> 
     </span>
     <span class='ocr_line' id='line_1_18' title="bbox 550 1976 961 2058; baseline 0 -22"><span class='ocrx_word' id='word_1_112' title='bbox 550 1995 604 2036; x_wconf 88' lang='lat' dir='ltr'><strong>uos</strong></span> <span class='ocrx_word' id='word_1_113' title='bbox 627 1995 710 2055; x_wconf 85' lang='lat' dir='ltr'><strong>sum,</strong></span> <span class='ocrx_word' id='word_1_114' title='bbox 731 1995 794 2035; x_wconf 86' lang='lat' dir='ltr'><strong>nou</strong></span> <span class='ocrx_word' id='word_1_115' title='bbox 814 1976 961 2058; x_wconf 76' lang='lat' dir='ltr'><strong>Oedipus.</strong></span> 
     </span>
     <span class='ocr_line' id='line_1_19' title="bbox 92 2071 1102 2154; baseline 0.001 -20"><span class='ocrx_word' id='word_1_116' title='bbox 92 2072 135 2136; x_wconf 80' lang='lat' dir='ltr'><strong>Su.</strong></span> <span class='ocrx_word' id='word_1_117' title='bbox 177 2073 296 2154; x_wconf 85' lang='lat' dir='ltr'><strong>Nempe</strong></span> <span class='ocrx_word' id='word_1_118' title='bbox 312 2074 386 2152; x_wconf 85' lang='lat' dir='ltr'><strong>ergo</strong></span> <span class='ocrx_word' id='word_1_119' title='bbox 402 2081 511 2153; x_wconf 78' lang='lat' dir='ltr'><strong>aperte</strong></span> <span class='ocrx_word' id='word_1_120' title='bbox 527 2076 573 2132; x_wconf 80' lang='lat' dir='ltr'><strong>uis</strong></span> <span class='ocrx_word' id='word_1_121' title='bbox 596 2091 674 2152; x_wconf 83' lang='lat' dir='ltr'><strong>quse</strong></span> <span class='ocrx_word' id='word_1_122' title='bbox 696 2076 817 2133; x_wconf 84' lang='lat' dir='ltr'><strong>restuut</strong></span> <span class='ocrx_word' id='word_1_123' title='bbox 838 2073 887 2131; x_wconf 86' lang='lat' dir='ltr'><strong>me</strong></span> <span class='ocrx_word' id='word_1_124' title='bbox 905 2071 1015 2152; x_wconf 76' lang='lat' dir='ltr'><strong>loqui?</strong></span> <span class='ocrx_word' id='word_1_125' title='bbox 1042 2076 1102 2135; x_wconf 73' lang='lat' dir='ltr'><strong>DA.</strong></span> 
     </span>
     <span class='ocr_line' id='line_1_20' title="bbox 419 2169 1102 2249; baseline 0.007 -20"><span class='ocrx_word' id='word_1_126' title='bbox 419 2202 421 2205; x_wconf 32' lang='lat' dir='ltr'>v</span> <span class='ocrx_word' id='word_1_127' title='bbox 550 2171 630 2230; x_wconf 81' lang='lat' dir='ltr'><strong>Saue</strong></span> <span class='ocrx_word' id='word_1_128' title='bbox 652 2169 786 2249; x_wconf 85' lang='lat' dir='ltr'><strong>quidem.</strong></span> <span class='ocrx_word' id='word_1_129' title='bbox 1050 2179 1102 2234; x_wconf 76' lang='lat'><strong>195</strong></span> 
     </span>
     <span class='ocr_line' id='line_1_21' title="bbox 92 2267 1146 2347; baseline -0.002 -19"><span class='ocrx_word' id='word_1_130' title='bbox 92 2267 135 2330; x_wconf 84' lang='lat' dir='ltr'><strong>Sr.</strong></span> <span class='ocrx_word' id='word_1_131' title='bbox 178 2269 213 2328; x_wconf 87' lang='lat' dir='ltr'><strong>Si</strong></span> <span class='ocrx_word' id='word_1_132' title='bbox 235 2270 363 2328; x_wconf 85' lang='lat' dir='ltr'><strong>sensero</strong></span> <span class='ocrx_word' id='word_1_133' title='bbox 382 2267 477 2328; x_wconf 83' lang='lat' dir='ltr'><strong>hodie</strong></span> <span class='ocrx_word' id='word_1_134' title='bbox 501 2271 662 2347; x_wconf 80' lang='lat' dir='ltr'><strong>quicquum</strong></span> <span class='ocrx_word' id='word_1_135' title='bbox 684 2269 717 2326; x_wconf 93' lang='lat' dir='ltr'><strong>iu</strong></span> <span class='ocrx_word' id='word_1_136' title='bbox 737 2268 786 2326; x_wconf 91' lang='lat' dir='ltr'><strong>his</strong></span> <span class='ocrx_word' id='word_1_137' title='bbox 806 2273 839 2326; x_wconf 83' lang='lat' dir='ltr'><strong>te</strong></span> <span class='ocrx_word' id='word_1_138' title='bbox 860 2267 978 2347; x_wconf 82' lang='lat' dir='ltr'><strong>uiptiis</strong></span> <span class='ocrx_word' id='word_1_139' title='bbox 1120 2285 1146 2326; x_wconf 78' lang='lat' dir='ltr'><strong>ru</strong></span> 
     </span>
     <span class='ocr_line' id='line_1_22' title="bbox 176 2366 792 2446; baseline -0.008 -17"><span class='ocrx_word' id='word_1_140' title='bbox 176 2366 333 2429; x_wconf 77' lang='lat' dir='ltr'><strong>Fulleciae</strong></span> <span class='ocrx_word' id='word_1_141' title='bbox 356 2369 478 2445; x_wconf 83' lang='lat' dir='ltr'><strong>ceneri,</strong></span> <span class='ocrx_word' id='word_1_142' title='bbox 502 2387 562 2446; x_wconf 85' lang='lat' dir='ltr'><strong>quo</strong></span> <span class='ocrx_word' id='word_1_143' title='bbox 583 2367 659 2427; x_wconf 67' lang='lat' dir='ltr'><strong>fiunt</strong></span> <span class='ocrx_word' id='word_1_144' title='bbox 681 2367 792 2444; x_wconf 86' lang='lat' dir='ltr'><strong>minus,</strong></span> 
     </span>
     <span class='ocr_line' id='line_1_23' title="bbox 177 2462 1017 2544; baseline -0.004 -18"><span class='ocrx_word' id='word_1_145' title='bbox 177 2468 241 2526; x_wconf 82' lang='lat' dir='ltr'><strong>Aut</strong></span> <span class='ocrx_word' id='word_1_146' title='bbox 263 2463 346 2527; x_wconf 84' lang='lat' dir='ltr'><strong>uelle</strong></span> <span class='ocrx_word' id='word_1_147' title='bbox 367 2467 400 2526; x_wconf 90' lang='lat' dir='ltr'><strong>in</strong></span> <span class='ocrx_word' id='word_1_148' title='bbox 422 2485 459 2526; x_wconf 82' lang='lat' dir='ltr'><strong>eu</strong></span> <span class='ocrx_word' id='word_1_149' title='bbox 481 2485 516 2526; x_wconf 89' lang='lat' dir='ltr'><strong>re</strong></span> <span class='ocrx_word' id='word_1_150' title='bbox 539 2464 677 2543; x_wconf 78' lang='lat' dir='ltr'><strong>ostendi,</strong></span> <span class='ocrx_word' id='word_1_151' title='bbox 698 2483 788 2544; x_wconf 79' lang='lat' dir='ltr'><strong>quum</strong></span> <span class='ocrx_word' id='word_1_152' title='bbox 809 2465 851 2524; x_wconf 81' lang='lat' dir='ltr'><strong>sis</strong></span> <span class='ocrx_word' id='word_1_153' title='bbox 874 2462 1017 2532; x_wconf 76' lang='lat' dir='ltr'><strong>cellidus:</strong></span> 
     </span>
     <span class='ocr_line' id='line_1_24' title="bbox 178 2559 1103 2643; baseline -0.002 -19"><span class='ocrx_word' id='word_1_154' title='bbox 178 2564 370 2632; x_wconf 80' lang='lat' dir='ltr'><strong>Verberibus</strong></span> <span class='ocrx_word' id='word_1_155' title='bbox 385 2583 507 2624; x_wconf 79' lang='lat' dir='ltr'><strong>caesum</strong></span> <span class='ocrx_word' id='word_1_156' title='bbox 521 2570 553 2624; x_wconf 88' lang='lat' dir='ltr'><strong>te</strong></span> <span class='ocrx_word' id='word_1_157' title='bbox 568 2566 600 2622; x_wconf 86' lang='lat' dir='ltr'><strong>iu</strong></span> <span class='ocrx_word' id='word_1_158' title='bbox 614 2563 797 2643; x_wconf 83' lang='lat' dir='ltr'><strong>pistrinum,</strong></span> <span class='ocrx_word' id='word_1_159' title='bbox 812 2562 914 2639; x_wconf 78' lang='lat' dir='ltr'><strong>Beue,</strong></span> <span class='ocrx_word' id='word_1_160' title='bbox 928 2559 1039 2622; x_wconf 82' lang='lat' dir='ltr'><strong>dedum</strong></span> <span class='ocrx_word' id='word_1_161' title='bbox 1052 2581 1103 2622; x_wconf 87' lang='lat' dir='ltr'><strong>us-</strong></span> 
     </span>
     <span class='ocr_line' id='line_1_25' title="bbox 555 2659 816 2742; baseline -0.008 -20"><span class='ocrx_word' id='word_1_162' title='bbox 555 2680 623 2742; x_wconf 85' lang='lat' dir='ltr'><strong>que</strong></span> <span class='ocrx_word' id='word_1_163' title='bbox 637 2659 676 2721; x_wconf 78' lang='lat' dir='ltr'><strong>ed</strong></span> <span class='ocrx_word' id='word_1_164' title='bbox 697 2679 816 2738; x_wconf 30' lang='lat' dir='ltr'><strong>necem!</strong></span> 
     </span>
     <span class='ocr_line' id='line_1_26' title="bbox 177 2757 1103 2842; baseline -0.004 -19"><span class='ocrx_word' id='word_1_165' title='bbox 177 2763 223 2823; x_wconf 83' lang='grc' dir='ltr'><strong>Ειι</strong></span> <span class='ocrx_word' id='word_1_166' title='bbox 242 2761 314 2841; x_wconf 80' lang='lat' dir='ltr'><strong>le&#39;ge</strong></span> <span class='ocrx_word' id='word_1_167' title='bbox 329 2769 421 2842; x_wconf 84' lang='lat' dir='ltr'><strong>utque</strong></span> <span class='ocrx_word' id='word_1_168' title='bbox 440 2764 558 2841; x_wconf 78' lang='lat' dir='ltr'><strong>omme,</strong></span> <span class='ocrx_word' id='word_1_169' title='bbox 578 2761 629 2841; x_wconf 77' lang='lat' dir='ltr'><strong>rit,</strong></span> <span class='ocrx_word' id='word_1_170' title='bbox 641 2762 678 2822; x_wconf 84' lang='lat' dir='ltr'><strong>·si</strong></span> <span class='ocrx_word' id='word_1_171' title='bbox 699 2766 732 2822; x_wconf 87' lang='lat' dir='ltr'><strong>te</strong></span> <span class='ocrx_word' id='word_1_172' title='bbox 753 2757 826 2820; x_wconf 90' lang='lat' dir='ltr'><strong>iude</strong></span> <span class='ocrx_word' id='word_1_173' title='bbox 848 2759 1024 2838; x_wconf 81' lang='lat' dir='ltr'><strong>exemerim,</strong></span> <span class='ocrx_word' id='word_1_174' title='bbox 1046 2777 1103 2838; x_wconf 80' lang='lat' dir='ltr'><strong>ego</strong></span> 
     </span>
     <span class='ocr_line' id='line_1_27' title="bbox 549 2857 1105 2941; baseline 0.002 -20"><span class='ocrx_word' id='word_1_175' title='bbox 549 2880 606 2941; x_wconf 86' lang='lat' dir='ltr'><strong>pru</strong></span> <span class='ocrx_word' id='word_1_176' title='bbox 630 2861 663 2920; x_wconf 86' lang='lat' dir='ltr'><strong>te</strong></span> <span class='ocrx_word' id='word_1_177' title='bbox 684 2857 804 2921; x_wconf 82' lang='lat' dir='ltr'><strong>molum.</strong></span> <span class='ocrx_word' id='word_1_178' title='bbox 1052 2869 1105 2922; x_wconf 69' lang='lat'><strong>200</strong></span> 
     </span>
     <span class='ocr_line' id='line_1_28' title="bbox 179 2954 1148 3038; baseline -0.007 -19"><span class='ocrx_word' id='word_1_179' title='bbox 179 2958 277 3038; x_wconf 78' lang='lat' dir='ltr'><strong>Quid,</strong></span> <span class='ocrx_word' id='word_1_180' title='bbox 305 2959 365 3020; x_wconf 84' lang='lat' dir='ltr'><strong>hoc</strong></span> <span class='ocrx_word' id='word_1_181' title='bbox 392 2956 596 3018; x_wconf 74' lang='lat' dir='ltr'><strong>intellextin‘i</strong></span> <span class='ocrx_word' id='word_1_182' title='bbox 631 2961 669 3016; x_wconf 75' lang='lat' dir='ltr'><strong>eu</strong></span> <span class='ocrx_word' id='word_1_183' title='bbox 690 2976 752 3016; x_wconf 89' lang='lat' dir='ltr'><strong>nou</strong></span> <span class='ocrx_word' id='word_1_184' title='bbox 775 2954 846 3015; x_wconf 83' lang='lat' dir='ltr'><strong>dum</strong></span> <span class='ocrx_word' id='word_1_185' title='bbox 868 2955 959 3015; x_wconf 84' lang='lat' dir='ltr'><strong>etium</strong></span> <span class='ocrx_word' id='word_1_186' title='bbox 981 2973 1021 3014; x_wconf 90' lang='lat' dir='ltr'><strong>ne</strong></span> <span class='ocrx_word' id='word_1_187' title='bbox 1043 2956 1104 3016; x_wconf 81' lang='lat' dir='ltr'><strong>hee</strong></span> <span class='ocrx_word' id='word_1_188' title='bbox 1121 2971 1148 3013; x_wconf 77' lang='lat' dir='ltr'><strong>se</strong></span> 
     </span>
     <span class='ocr_line' id='line_1_29' title="bbox 429 3048 1047 3134; baseline -0.011 -16"><span class='ocrx_word' id='word_1_189' title='bbox 429 3112 432 3118; x_wconf 91' lang='lat'>.</span> <span class='ocrx_word' id='word_1_190' title='bbox 553 3054 699 3134; x_wconf 77' lang='lat' dir='ltr'><strong>quidem?</strong></span> <span class='ocrx_word' id='word_1_191' title='bbox 720 3054 779 3116; x_wconf 75' lang='lat' dir='ltr'><strong>Du.</strong></span> <span class='ocrx_word' id='word_1_192' title='bbox 803 3054 897 3114; x_wconf 80' lang='lat' dir='ltr'><strong>Immo</strong></span> <span class='ocrx_word' id='word_1_193' title='bbox 917 3048 1047 3113; x_wconf 79' lang='lat' dir='ltr'><strong>cellide:</strong></span> 
     </span>
    </p>
   </div>
   <div class='ocr_carea' id='block_1_3' title="bbox 96 3148 1196 3508">
    <p class='ocr_par' dir='ltr' id='par_1_3' title="bbox 96 3148 1196 3508">
     <span class='ocr_line' id='line_1_30' title="bbox 178 3148 1102 3234; baseline -0.004 -21"><span class='ocrx_word' id='word_1_194' title='bbox 178 3154 224 3214; x_wconf 81' lang='lat' dir='ltr'><strong>itu</strong></span> <span class='ocrx_word' id='word_1_195' title='bbox 240 3154 348 3234; x_wconf 78' lang='lat' dir='ltr'><strong>aperte</strong></span> <span class='ocrx_word' id='word_1_196' title='bbox 362 3155 460 3234; x_wconf 84' lang='lat' dir='ltr'><strong>ipsum</strong></span> <span class='ocrx_word' id='word_1_197' title='bbox 474 3173 542 3214; x_wconf 89' lang='lat' dir='ltr'><strong>rem</strong></span> <span class='ocrx_word' id='word_1_198' title='bbox 556 3152 648 3214; x_wconf 82' lang='lat' dir='ltr'><strong>medo</strong></span> <span class='ocrx_word' id='word_1_199' title='bbox 661 3151 800 3230; x_wconf 77' lang='lat' dir='ltr'><strong>locutus,</strong></span> <span class='ocrx_word' id='word_1_200' title='bbox 815 3148 861 3211; x_wconf 86' lang='lat' dir='ltr'><strong>nil</strong></span> <span class='ocrx_word' id='word_1_201' title='bbox 877 3151 991 3211; x_wconf 83' lang='lat' dir='ltr'><strong>circum</strong></span> <span class='ocrx_word' id='word_1_202' title='bbox 1006 3151 1102 3210; x_wconf 86' lang='lat' dir='ltr'><strong>itione</strong></span> 
     </span>
     <span class='ocr_line' id='line_1_31' title="bbox 96 3269 1196 3434; baseline -0.007 -26"><span class='ocrx_word' id='word_1_203' title='bbox 96 3348 138 3410; x_wconf 76' lang='lat' dir='ltr'><strong>Su.</strong></span> <span class='ocrx_word' id='word_1_204' title='bbox 184 3348 289 3411; x_wconf 80' lang='lat' dir='ltr'><strong>Vbiuis</strong></span> <span class='ocrx_word' id='word_1_205' title='bbox 317 3349 439 3411; x_wconf 76' lang='lat' dir='ltr'><strong>facilius</strong></span> <span class='ocrx_word' id='word_1_206' title='bbox 463 3269 767 3434; x_wconf 45' lang='lat' dir='ltr'><strong>pessuzszrnesiluum</strong></span> <span class='ocrx_word' id='word_1_207' title='bbox 788 3347 821 3405; x_wconf 89' lang='lat' dir='ltr'><strong>in</strong></span> <span class='ocrx_word' id='word_1_208' title='bbox 843 3347 901 3407; x_wconf 78' lang='lat' dir='ltr'><strong>heu</strong></span> <span class='ocrx_word' id='word_1_209' title='bbox 921 3365 957 3406; x_wconf 87' lang='lat' dir='ltr'><strong>re</strong></span> <span class='ocrx_word' id='word_1_210' title='bbox 977 3363 1026 3405; x_wconf 89' lang='lat' dir='ltr'><strong>me</strong></span> <span class='ocrx_word' id='word_1_211' title='bbox 1048 3341 1103 3402; x_wconf 89' lang='lat' dir='ltr'><strong>de·</strong></span> <span class='ocrx_word' id='word_1_212' title='bbox 1190 3380 1196 3391; x_wconf 70' lang='lat'>›</span> 
     </span>
     <span class='ocr_line' id='line_1_32' title="bbox 565 3446 679 3508; baseline 0.009 -1"><span class='ocrx_word' id='word_1_213' title='bbox 565 3446 679 3508; x_wconf 72' lang='lat' dir='ltr'><strong>ludier.</strong></span> 
     </span>
    </p>
   </div>
   <div class='ocr_carea' id='block_1_4' title="bbox 138 3526 897 3590">
    <p class='ocr_par' dir='ltr' id='par_1_4' title="bbox 138 3526 897 3590">
     <span class='ocr_line' id='line_1_33' title="bbox 138 3526 897 3590; baseline 0.012 -2"><span class='ocrx_word' id='word_1_214' title='bbox 138 3533 303 3590; x_wconf 80' lang='lat' dir='ltr'><strong>Tuusurrvs.</strong></span> <span class='ocrx_word' id='word_1_215' title='bbox 877 3526 897 3586; x_wconf 70' lang='lat'><strong>2</strong></span> 
     </span>
    </p>
   </div>
   <div class='ocr_carea' id='block_1_5' title="bbox 0 0 1302 3932">
    <p class='ocr_par' dir='ltr' id='par_1_5' title="bbox 0 0 1302 3932">
     <span class='ocr_line' id='line_1_34' title="bbox 0 0 1302 3932; baseline 0 0"><span class='ocrx_word' id='word_1_216' title='bbox 0 0 1302 3932; x_wconf 95' lang='lat' dir='ltr'><strong> </strong></span> 
     </span>
    </p>
   </div>
  </div>
 </body>
</html>
