2602 3932
212 198 273 264 180

237 387 270 441 V.
289 385 340 438 583
356 394 381 438 et
397 388 450 441 584
467 385 588 440 trochaici
605 386 742 452 septenarii

245 498 256 508 -
292 469 343 521 585
361 472 394 521 ad
411 470 462 521 588
479 469 583 520 iambici
600 467 724 520 octonarii

245 579 257 589 -
291 548 343 603 589
361 558 386 602 et
401 550 453 605 500
470 551 574 602 iambici
592 550 686 600 senarii

245 659 257 670 -
292 631 342 685 591
361 635 395 684 ad
412 632 464 686 813
480 632 602 684 trochaici
619 633 757 698 septenarii

245 745 257 755 -
291 716 343 768 814
359 717 393 768 ad
409 716 460 768 822
477 716 580 766 iambici
596 717 721 765 octonarii

183 789 185 792 ¹
246 826 258 837 ·
291 797 342 850 823
361 799 394 849 ad
409 797 461 850 887
475 796 595 848 trochaici
612 796 749 861 septenarii

246 908 258 919 ·
293 879 345 932 088
364 880 398 931 aa
415 879 467 934 878
484 879 588 929 iambici
604 879 727 930 octonarii

247 989 258 1001 ·
284 962 395 1028 ,879111
413 959 464 1012 707
481 961 583 1012 iambici
600 961 740 1025 septenarii

245 1075 257 1086 -
293 1046 344 1099 789
362 1048 395 1097 ad
412 1047 463 1097 722
479 1046 602 1096 trochaici
618 1046 754 1110 septenarii

246 1153 261 1166 ·
295 1126 346 1178 723
364 1125 464 1182 adare
484 1127 588 1178 iambici
603 1126 747 1193 septenarii

247 1237 258 1249 -
293 1208 343 1260 749
361 1211 395 1260 ad
411 1210 463 1262 873
480 1209 584 1259 iambici
599 1210 693 1259 cenarh

249 1319 259 1330 ·
293 1291 344 1344 874
362 1289 461 1341 111907
478 1290 601 1341 trochaici
616 1291 757 1355 septenarii

247 1403 260 1414 ·
294 1374 346 1428 008
363 1377 398 1428 ad
412 1374 464 1430 939
482 1375 585 1427 iambici
603 1377 698 1426 senarii

247 1487 260 1498 ·
294 1459 346 1512 940
363 1463 396 1512 ad
413 1459 465 1513 979
481 1461 604 1512 trochaici
621 1460 758 1527 septenarii

248 1572 260 1584 ·
294 1542 580 1596 necromantici
598 1545 721 1595 octonarii

248 1658 259 1666 -
295 1627 363 1679 1800
380 1628 414 1677 ad
432 1628 499 1680 1802
516 1629 621 1678 iambici
636 1627 774 1697 septenarii

249 1742 260 1752 -
273 1710 363 1802 '1003
381 1711 505 1761 iambicus
521 1713 665 1762 octonarius

248 1823 260 1834 -
296 1791 363 1845 1004
380 1793 506 1843 iambicus
522 1791 697 1856 quaternarias

249 1905 262 1916 -
296 1875 363 1928 1005
381 1877 415 1927 ad
432 1874 500 1927 1012
516 1875 620 1926 iambici
639 1871 763 1925 octonarii

249 1982 262 1994 ·
297 1955 364 2011 1013
382 1959 416 2008 ad
435 1956 501 2010 1018
518 1957 641 2010 trochaici
658 1953 794 2022 septenarii

248 2069 261 2081 -
297 2040 362 2092 1017
380 2047 405 2090 et
423 2039 490 2092 1018
507 2041 608 2092 iambici
624 2037 747 2092 octonarii

249 2148 263 2163 ·
296 2121 361 2175 1021
380 2124 413 2175 ad
428 2122 495 2175 1087
512 2122 633 2176 trochaici
647 2123 795 2189 septenarii.
