2596 3934
192 213 255 280 158
427 214 616 278 HEAVTON
639 215 929 278 TIMORVMENOS.
1019 224 1202 282 Nat-39

274 399 352 462 Nam
373 398 456 480 qnod
486 398 525 460 de
550 406 679 479 argento
705 402 829 481 sperem
851 409 904 462 aut
924 421 1018 484 potae
1045 406 1200 484 postulem

645 516 695 558 me
715 497 841 577 tollere,

276 592 328 656 Nil
342 597 406 656 ert:
428 596 597 676 triumpho,
612 595 727 657 silicet
741 615 791 657 me
804 595 907 658 lttere
919 605 1005 659 teoto
1019 600 1198 664 abscedere,

275 694 407 755 crucior
428 692 535 754 bolum
556 695 631 754 mihi
652 698 771 756 tintum
794 702 937 777 ereptum
963 700 1026 758 tim
1055 697 1198 761 desubito

645 811 663 852 e
684 793 834 856 fadeibus.

274 889 356 968 Quid
382 891 490 970 agam?
519 891 572 951 orit
594 889 668 968 quid
690 892 925 954 comminiscar?
954 893 1032 953 ratio
1056 891 1095 953 de
1118 897 1198 955 inte-

645 1009 701 1069 gro
722 991 887 1052 ineundtat
907 993 993 1054 mihi.
1089 1055 1092 1060 ,

274 1091 327 1152 Nil
347 1095 409 1152 tdm
431 1089 603 1168 difficilest,
627 1091 699 1169 quin
721 1088 899 1168 quaerendo
921 1092 1103 1172 inuestigari
1125 1093 1196 1174 pdo-

638 1190 707 1250 aiet.
1145 1200 1194 1256 675

274 1287 355 1365 Quid
376 1290 403 1348 si
424 1289 483 1348 hoc
504 1306 586 1347 nune
608 1289 653 1349 aio
675 1289 843 1368 incipiam?
865 1287 911 1348 nil
933 1295 990 1351 eut.
1020 1289 1106 1369 quid,
1129 1291 1194 1351 oio?

644 1384 827 1446 tantundem
847 1387 950 1466 egero.

273 1486 315 1545 At
335 1488 381 1545 aie
403 1485 523 1565 opinor.
546 1487 608 1545 ndu
628 1489 742 1564 potest.
763 1481 855 1544 immo
873 1488 1008 1565 optume.
1027 1501 1124 1562 eugae
1141 1487 1194 1544 ira-

642 1584 701 1643 beo
725 1586 889 1663 optumam.

271 1682 438 1742 Retraham
458 1679 567 1742 hercle
582 1682 693 1761 opinor
712 1678 751 1741 td
772 1700 821 1741 me
840 1680 924 1741 idem
939 1679 1016 1741 illud
1027 1680 1192 1760 'frigitiuom

640 1780 802 1858 argentium
821 1789 935 1843 tamen.

505 1946 681 2008 Garuli.
725 1949 877 2012 Suuvs.

119 2079 179 2134 ΝΒ
188 2073 241 2134 cr..
269 2072 360 2135 Nulli
375 2075 451 2134 mihi
466 2093 518 2134 res
533 2074 663 2155 poathte
676 2081 782 2156 potest
796 2076 855 2134 iam
869 2075 1064 2134 interuenire
1079 2076 1173 2154 trinta,

271 2173 357 2249 Quae
382 2173 424 2232 mi
446 2171 671 2252 aegritudinem
696 2172 835 2234 tdierat:
869 2178 955 2232 tanta
975 2173 1053 2232 haee
1073 2172 1193 2234 laetitia

640 2273 789 2333 obdrtaut.
1059 2287 1061 2292 ’
1141 2283 1192 2337 680
1285 2257 1286 2286 ³

268 2365 356 2428 Dedo
374 2370 456 2449 patri
472 2389 523 2430 me
539 2370 692 2447 nriuoiam,
714 2376 749 2430 ut
765 2367 916 2448 frugtlior
934 2371 991 2430 airu
1008 2375 1099 2450 quim
1114 2371 1190 2432 uolt.

184 2466 237 2528 Sr.
268 2466 320 2527 Nil
348 2470 398 2528 me
425 2467 561 2529 fefellit:
602 2470 770 2549 cognituri,
801 2476 946 2548 quantum
978 2468 1069 2528 aridio
1100 2472 1191 2530 huius

639 2569 745 2628 uerbo.

156 2678 170 2718 o
266 2663 350 2724 lutrio
368 2665 427 2725 tibi
449 2683 486 2724 ex
505 2667 660 2726 uenientia
680 2673 733 2727 tua
755 2666 904 2746 obtigisse
926 2664 1037 2726 laetor.

184 2762 237 2822 Cu.
268 2761 296 2820 0
313 2765 357 2822 mi
371 2763 461 2843 Syre,
483 2763 595 2825 audisti
613 2766 767 2826 obsecro?
786 2765 839 2825 Su.
855 2763 937 2841 Quid
951 2763 1006 2824 ni?
1028 2764 1081 2841 qui
1092 2780 1191 2843 usque

616 2883 698 2924 una
720 2863 882 2924 ediderim.
1249 2945 1251 2950 Ι

183 2961 235 3021 Cu.
263 2961 438 3040 Quanquam
465 2963 563 3042 oeque
590 2962 703 3023 audisti
737 2961 896 3023 commode
926 2964 1086 3041 quiequam
1117 2961 1191 3020 eue-

634 3062 743 3122 nisse?
766 3061 818 3122 Su.
833 3059 928 3121 Nrilli.
1137 3067 1188 3121 685

181 3156 234 3221 Gn.
261 3124 368 3238 'Atque
383 3161 427 3219 ita
441 3178 491 3219 me
506 3159 539 3220 di
557 3167 670 3239 ament,
690 3164 725 3222 rit
742 3179 800 3241 ego
815 3180 897 3221 nuno
911 3179 973 3220 nou
988 3162 1051 3219 tim
1064 3160 1188 3236 meapte

262 3351 379 3414 Laetdr
395 3374 485 3434 quam
499 3355 600 3417 illiue:
623 3279 786 3438 qcuaddaego
808 3359 872 3418 scio
889 3374 958 3420 ease
973 3355 1093 3416 honore
1113 3371 1190 3433 quo-

632 3456 680 3516 uis
701 3454 833 3536 diguam.
