2582 3932
183 890 306 952 Fabulis
331 887 516 951 Terentianus
530 895 680 966 praemisi
697 896 786 955 uitam
803 898 910 970 purae
930 911 950 954 a
970 897 1000 955 0.
1027 896 1105 956 Sue·

99 992 177 1051 ionio
207 991 420 1064 conscriptam,
452 988 529 1050 Aelii
553 991 665 1052 Donati
690 1009 784 1069 opera
810 994 898 1054 hodae
923 997 1106 1069 superstitem

99 1095 126 1148 ct
145 1087 348 1146 additanunio
368 1092 495 1146 unctum.
518 1089 549 1146 in
570 1105 630 1162 qua
650 1091 840 1150 emendanda
850 1096 976 1166 praeter
994 1092 1029 1149 F.
1043 1090 1104 1151 Ou-

99 1185 260 1260 dendorpii
283 1192 312 1243 ct
332 1185 367 1243 F.
385 1183 421 1244 A.
446 1185 544 1256 Wolfii
568 1201 659 1246 curas
686 1202 745 1248 non
772 1190 836 1248 sine
856 1187 963 1261 seurota
984 1187 1107 1247 adhibui

100 1286 212 1358 aliquot
236 1283 376 1344 editiones
403 1287 528 1354 ueteres,
557 1299 684 1357 quaram
703 1286 876 1347 bibliotheca
901 1287 987 1360 reaia
1009 1285 1106 1344 Dres-

100 1383 199 1442 dcnsis
218 1381 293 1442 mitti
306 1383 423 1455 copiam
439 1380 532 1454 seuit:
552 1381 664 1442 Donati
682 1385 741 1443 ioci
760 1388 789 1442 et
808 1385 884 1442 anni
902 1387 974 1444 notu
992 1397 1105 1443 coren-

99 1486 153 1539 ten
187 1478 428 1552 (Maeuianam,
463 1478 502 1537 de
533 1495 593 1552 auu
626 1477 670 1550 cs.
693 1477 797 1540 Eberti
830 1483 889 1540 teu.
921 1479 1054 1552 metuar.
1081 1494 1107 1537 s.

99 1593 127 1634 n.
147 1573 258 1648 6333),
294 1574 424 1635 Terentii
448 1575 572 1635 Venetas
603 1591 750 1636 anmruno
776 1575 998 1636 neonem
1001 1573 1105 1647 VIIII,

100 1671 364 1745 orcocoLffl,
385 1671 687 1745 MOCOOLXXXII,
710 1689 837 1747 quarum
853 1688 1024 1734 consensum
1040 1674 1106 1745 sio-

100 1772 171 1828 naoi
189 1772 288 1830 littera
310 1787 335 1828 ε.
357 1769 444 1842 insro
457 1772 549 1844 posui
568 1785 616 1828 eos
636 1770 776 1830 iocosaoi
793 1770 831 1828 ab
851 1770 1021 1844 exemplari
1043 1767 1106 1828 Ou-

101 1867 306 1944 dendorpiano
325 1869 436 1928 recessi
453 1873 484 1928 et
500 1869 564 1927 otia
586 1867 735 1943 quaeum
751 1868 852 1928 adieci
869 1881 946 1941 auae
968 1864 1011 1924 ad
1026 1869 1106 1926 recte

99 1965 293 2025 iudicantium
315 1965 354 2024 de
372 1964 461 2023 iuius
480 1965 557 2024 oiioe
578 1963 674 2026 neria
688 1967 841 2040 perum
862 1965 1042 2024 uiderentur.
1083 2038 1087 2044 Ι

182 2063 216 2122 Ρ.
233 2060 251 2121 3
267 2079 293 2120 a.
309 2061 328 2120 2
350 2057 388 2120 P.
404 2055 559 2142 Terentio
575 2055 708 2121 Lucano
736 2079 776 2122 en
799 2047 1013 2135 ‘manuscripto
1026 2064 1033 2092 ’
1048 2059 1105 2118 Pi-

96 2163 183 2236 onius
206 2177 276 2221 ann.
295 2161 336 2222 II
348 2178 382 2236 p.
402 2160 479 2235 347,
504 2162 661 2236 motatum
682 2161 799 2222 Osanno
820 2165 903 2222 anat.
924 2164 991 2222 crit.
1002 2177 1039 2235 p.
1055 2157 1104 2236 21,

98 2262 151 2322 sed
178 2278 205 2320 v.
235 2259 289 2320 Tit.
312 2259 490 2320 Mommseni
520 2261 587 2320 nist.
614 2260 700 2320 Rom.
726 2261 749 2320 I
772 2277 806 2336 p.
834 2258 892 2320 861
920 2259 967 2319 ed.
996 2261 1048 2317 ott.
1073 2259 1106 2316 in

99 2358 169 2418 adn.
277 2359 295 2416 7
323 2353 444 2417 adduci
470 2353 607 2418 Romam
632 2353 745 2440 ibique
771 2355 906 2418 uaenire
932 2358 1043 2430 scr-apsi
1066 2371 1106 2414 en

99 2456 300 2516 enendatione
318 2455 461 2516 Ladovtci
479 2453 639 2532 Senaparia,
668 2459 722 2531 qui
746 2458 820 2532 qaid
844 2459 908 2532 ipse
933 2457 971 2517 de
995 2456 1107 2528 atiqaor

99 2555 185 2613 nunus
205 2555 282 2613 uitae
302 2555 375 2613 locis
394 2555 515 2614 sentiret
532 2557 711 2629 percomiter
724 2555 799 2613 mini
807 2571 866 2629 per
880 2557 995 2613 litteras
1008 2553 1105 2624 siani-

96 2655 208 2724 norit,
231 2652 274 2712 ad
294 2651 373 2712 nuno
392 2654 487 2712 locun
507 2653 553 2711 nis
570 2651 682 2711 addim
698 2637 759 2711 ‘Itu
774 2653 835 2725 leui
850 2650 968 2722 sudet,
992 2654 1026 2708 ut
1042 2650 1105 2708 alia

99 2767 226 2824 ineam,
246 2752 343 2824 nestun
361 2751 480 2810 verbum
501 2747 705 2810 commercio.
743 2744 863 2809 adduci
883 2750 921 2809 de
940 2750 1032 2810 seruis
1052 2764 1106 2807 ue-

99 2848 215 2907 nolious
235 2847 323 2907 nubet
345 2848 446 2908 Oa‘cero
463 2865 522 2924 pro
543 2848 677 2920 anctto
696 2847 731 2926 6,
755 2845 794 2906 24
822 2853 852 2907 et
869 2847 1003 2908 Donatus
1017 2847 1105 2905 etiam

99 2949 128 3006 in
144 2945 250 3022 praef.
272 2946 437 3007 Eunuchi!
478 2943 522 3008 ud
549 2943 666 3008 ducem
687 2941 870 3005 Romanum
895 2941 1068 3026 peruenire
1089 2961 1105 3002 ε

102 3043 173 3104 Oud.
186 3039 230 3104 ad
242 3040 409 3105 dominum
421 3042 514 3106 Rom.
528 3043 701 3126 peruenire
720 3044 748 3105 I.
760 3045 796 3103 F.
812 3044 973 3103 Gronovius
1049 3058 1104 3123 po·

100 3141 200 3203 tuisse
229 3160 245 3202 c
272 3146 349 3216 (scil.
375 3139 563 3204 Fenestella
589 3139 706 3215 docet).
747 3138 908 3224 potuisset
935 3138 1010 3200 Orati.

103 3240 137 3298 15
159 3234 276 3300 laudes
299 3235 430 3302 fucosae
452 3242 581 3313 Woifius.
617 3235 749 3300 fucosae
770 3233 885 3298 laudes
907 3253 923 3295 e
945 3233 1020 3296 Orod.

104 3347 136 3404 17
161 3355 196 3398 se
217 3333 261 3397 ad
281 3331 419 3398 Furium
441 3355 577 3398 coenare
594 3339 724 3410 Wollius.
760 3331 803 3396 ud
819 3329 956 3394 Furium
977 3351 1013 3393 se
1035 3345 1104 3392 coe·

100 3432 202 3494 nitore
227 3450 243 3492 s
266 3433 342 3494 Oud.
429 3432 467 3495 18
489 3453 532 3511 sq.
553 3445 585 3496 nt
604 3435 677 3495 dedi
688 3433 816 3494 restuau
829 3430 1007 3492 nesciens
1021 3441 1102 3504 par-

100 3550 188 3605 eraoa
206 3529 305 3591 Piout.
322 3530 344 3590 I
351 3548 384 3606 p.
401 3530 478 3611 638,
502 3536 554 3608 qui
574 3537 713 3593 lucanum
733 3533 776 3590 ita
794 3528 864 3600 scre
885 3525 1003 3598 expleri
1018 3535 1104 3596 posse
