2592 3930
168 215 232 280 310
569 214 779 276 ADELPHI.
985 220 1180 277 1114344-65

251 398 436 476 Praeterea,
455 403 490 457 ut
506 405 613 477 captus
631 397 679 457 έιι
694 415 873 474 seruorum,
898 397 961 456 ndu
978 394 1076 456 malua
1127 406 1180 462 480

129 521 154 563 aa
252 495 360 575 Neque
374 495 475 556 iners:
498 493 554 556 alit
567 494 656 574 illae,
678 494 762 556 adlus
777 513 898 556 omnem
912 491 1060 555 ftmfliam

255 595 430 655 Sustentata
450 595 532 654 huuo
548 592 684 673 abduce,
703 595 803 672 uinci,
826 595 1033 671 quaererem.

170 696 227 757 Ge.
253 694 347 755 Immo
362 691 470 754 herole
485 699 653 773 extorque,
674 694 735 754 ufai
750 694 793 753 ita
808 692 970 771 factumst,
990 692 1123 766 Demeam

254 792 417 852 Postremo
432 810 494 852 nou
509 791 649 870 negdbit:
667 810 769 851 coram
784 791 884 870 iporim
899 789 987 850 cedo.

170 891 224 954 lla.
252 889 369 951 Pudet:
392 909 450 950 neo
466 888 540 969 quld
556 907 640 968 agam
661 890 763 969 oeque
784 888 859 968 quid
877 889 950 948 huie
971 885 1178 968 respondeam

129 1005 155 1046 ιι
255 989 336 1050 scio.
357 989 578 1051 Pauliacum
593 1008 659 1067 me,
681 987 811 1049 differor
826 985 995 1051 doloribus.
1125 997 1177 1052 486

252 1090 327 1150 lund
338 1089 471 1166 Luoiua,
488 1088 538 1149 fer
553 1107 659 1169 opem:
682 1106 774 1148 aerua
787 1105 836 1146 me
852 1087 991 1147 obsecro.
1012 1086 1071 1148 lla.
1083 1085 1176 1166 Hem,

252 1185 331 1247 Num
343 1206 411 1245 uam
424 1184 480 1246 illa
491 1204 604 1266 quaeso
616 1185 773 1265 ptrturit‘l
788 1184 846 1245 (lu.
859 1182 964 1262 Certe,
980 1184 1092 1264 Hegio.
1113 1182 1176 1243 Ha.

585 1317 600 1342 ο
620 1284 719 1344 Hem:
948 1287 950 1291 l

251 1379 346 1443 lllaeo
360 1380 455 1442 fldem
469 1399 550 1442 nuno
565 1382 702 1441 udatram
717 1379 870 1462 inploret,
889 1381 1014 1460 Demea,

252 1480 343 1560 Quod
356 1481 405 1541 irio
419 1499 476 1541 uoa
491 1481 590 1559 cogit,
611 1478 645 1540 fd
658 1478 819 1542 uoluntate
833 1483 980 1561 inpetret.
1123 1490 1177 1546 490

251 1580 337 1640 Haec
351 1581 482 1660 primum
497 1585 531 1638 ut
545 1579 620 1638 fiaut
634 1576 710 1639 deda
726 1597 840 1659 quaeao
855 1584 892 1639 ut
905 1581 994 1640 uobia
1010 1577 1112 1640 decet.

253 1677 307 1738 Sin
322 1675 414 1738 tliter
432 1678 548 1736 animus
563 1677 670 1736 uoster
685 1682 750 1754 eat,
773 1695 848 1756 ego,
866 1677 991 1759 Demea,

251 1775 374 1836 Summt
387 1776 419 1834 ui
434 1773 599 1835 defendam
613 1774 692 1833 hino
709 1780 801 1854 atque
814 1773 903 1836 illum
917 1779 1082 1840 mdrtuom.

253 1873 409 1952 Cognttus
424 1873 499 1932 mlhi
514 1878 598 1932 erat:
622 1873 681 1932 ιἰιιι
696 1891 714 1932 a
727 1873 833 1952 pueris
847 1873 985 1954 ptruolie

252 1971 363 2032 Sumus
381 1969 500 2032 educti:
522 1990 583 2030 uua
598 1973 722 2051 temper
736 1969 866 2033 militiae
882 1975 915 2036 ιι
929 1973 1012 2036 domi
1121 1986 1173 2042 495

130 2091 154 2132 oo
250 2068 393 2129 Fuimus:
414 2075 627 2148 paupertatem
642 2070 703 2128 ιἰιιι
718 2068 902 2150 pertulimus
917 2090 1052 2150 grauem.

250 2167 446 2245 Quapropter
460 2166 559 2243 nitar,
576 2165 704 2246 fulciam,
727 2171 887 2249 experiar,
909 2169 1044 2250 denique

248 2264 387 2323 Animtm
405 2260 576 2341 relinquam
590 2264 694 2343 pdtiuo
710 2257 798 2344 quom
812 2264 883 2326 illas
899 2265 1050 2328 deserum.

125 2381 151 2422 oa
248 2357 331 2435 Quid
340 2359 416 2419 mihi
428 2358 622 2440 respondeat
634 2361 691 2423 Da.
699 2361 842 2426 Frttrem
853 2367 1043 2444 conueniam,
1058 2366 1171 2446 Hegio.

126 2482 151 2523 ιι
164 2455 223 2518 Ha.
248 2457 328 2537 Sed,
349 2458 480 2539 Demea,
502 2461 560 2520 hoc
575 2468 609 2521 tu
623 2461 718 2523 fteito
735 2481 802 2522 eum
818 2465 918 2524 animo
935 2466 1062 2544 cogites,
1119 2476 1173 2530 500

248 2556 346 2632 Quam
360 2559 416 2617 udo
429 2556 587 2618 facillume
602 2559 708 2639 tgitia,
729 2579 819 2638 quam
833 2563 909 2622 ertio
926 2566 1063 2623 mtxume

247 2656 396 2716 Potentes
415 2654 496 2716 dites
512 2656 662 2717 fdrtunati
675 2656 810 2738 nobiles,

248 2752 325 2812 'fam
339 2757 477 2813 mtxume
494 2772 549 2814 uoa
564 2756 662 2834 aequo
679 2757 778 2816 animo
794 2775 891 2837 aequa
904 2759 1034 2818 udaoere

248 2848 398 2928 Oportet,
420 2851 516 2910 aluos
531 2849 624 2911 uoltis
639 2853 802 2931 perhiberi
817 2854 943 2934 probos.

122 2965 148 3008 ao
161 2945 217 3006 Da.
247 2944 376 3006 Reditoa
397 2947 475 3006 fient
491 2949 569 3027 quae
585 2950 655 3009 fieri
671 2958 830 3031 aequomst
846 2953 954 3012 omniu.
1116 2965 1169 3018 505

161 3045 222 3106 Ha.
246 3044 344 3104 fleott
358 3052 391 3104 te
406 3045 520 3108 facere.
545 3048 642 3128 Geta,
664 3049 724 3111 duo
739 3070 788 3111 me
802 3053 885 3112 iutro
901 3050 942 3112 ad
954 3051 1136 3112 Sostratam.
1253 3041 1257 3046 ¹

161 3142 207 3204 na
242 3143 311 3205 Non
327 3164 377 3205 me
391 3144 550 3208 iudioerrte
564 3149 642 3210 haeo
657 3151 754 3211 flunt:
776 3152 892 3212 utinam
909 3152 961 3212 laio
976 3154 1017 3212 ait
1031 3149 1124 3212 modo

244 3242 444 3304 llefrioctum:
466 3264 575 3306 uerum
589 3250 682 3308 ulmia
696 3247 786 3310 illaec
799 3247 929 3311 lieentia

244 3337 391 3400 Profecto
410 3341 515 3402 euadit
528 3345 560 3401 ln
575 3342 699 3423 aliquod
714 3326 857 3425 maguum
871 3344 993 3408 malum.

75 3507 76 3510 Ἴ
122 3440 148 3482 ιι
244 3432 296 3492 lbo
311 3439 346 3494 te
360 3439 516 3517 requiram
531 3441 671 3521 frttrem,
688 3449 723 3502 ut
737 3444 769 3502 iu
781 3464 850 3506 eum
864 3448 942 3507 haec
954 3447 1102 3510 tuomum.
1115 3458 1169 3512 510
