2582 3932
409 255 611 300 scuffrvusu
632 257 858 300 Rauranum
1038 255 1111 301 XXV

101 415 277 490 suspectam
362 413 415 468 686
443 425 511 464 6666
538 410 597 463 sine
616 411 696 465 unus
780 417 831 473 601
857 409 914 470 sim
1000 419 1051 474 605
1073 410 1113 470 de

14 489 15 492 ¹
100 497 144 555 mi
154 431 253 552 phano
280 489 418 562 ueniam,
447 487 566 548 redduo
590 489 686 551 illam.
706 491 764 551 Pu
794 513 853 552 uae
938 501 990 556 607
1013 491 1112 570 Quem

102 598 172 638 eum
193 577 269 636 istoc
291 574 461 634 sermdnem
482 571 642 648 habueris,
668 576 778 654 6ι6661
797 577 848 635 hio
871 585 974 638 astaus
1061 588 1114 642 608

99 679 230 737 Istue
272 619 1114 753 6096666611661660166666666666,16661166

100 779 184 819 nuno
209 758 236 816 61
262 757 385 815 feceris
409 753 485 832 (stne
504 751 596 836 uncis)
682 765 735 820 613
758 757 855 816 refert
878 759 956 818 nihil
1040 759 1112 818 illae

189 850 241 904 698
267 842 363 901 iratus
393 838 502 917 edepol
531 858 596 897 sum
681 849 734 904 633
748 840 854 900 Lache
940 851 992 906 684
1012 843 1114 902 turbet

188 923 266 984 uelit
349 929 424 986 643t
411 923 533 982 tibiam.
621 931 670 985 647
682 924 753 984 Non
767 925 840 982 mlhi
927 925 1113 1006 doletquam

102 1010 174 1086 tibi,
202 1007 307 1067 Lache
394 1015 445 1069 669
464 1005 576 1084 Neque
662 1008 789 1066 arbitrer
813 1006 886 1086 (stne
913 1013 1114 1069 interclusionis
1212 1047 1214 1050 -

14 1111 15 1156 l
103 1091 203 1171 66666)
289 1099 342 1154 668
362 1089 427 1169 661]
452 1091 523 1171 6616
609 1099 660 1153 664
680 1091 785 1150 Lache
871 1101 923 1156 666
947 1101 1112 1158 6166761·-

102 1183 168 1236 dine
186 1182 294 1237 inverso
380 1181 432 1238 676
453 1173 498 1252 id]
520 1174 578 1233 hoe
662 1183 714 1238 688
736 1173 870 1236 adducas
955 1185 1008 1241 666
1023 1189 1048 1236 et
1063 1186 1115 1242 690

102 1265 293 1321 carentanus
378 1266 430 1321 709
450 1277 520 1318 mea
539 1277 592 1317 om.
678 1267 731 1322 719
753 1279 853 1334 ourre,
872 1279 966 1339 puer,
989 1261 1028 1319 ad

101 1353 154 1408 799
178 1343 345 1422 itidemque
429 1342 535 1402 Lache
620 1349 673 1405 796
692 1363 767 1404 uero
789 1343 839 1403 abi
923 1352 975 1407 789
995 1345 1113 1404 Lache.

100 1430 161 1490 LA.
175 1426 300 1527 edepol
330 1425 420 1486 eredo
505 1435 557 1490 786
588 1427 709 1506 quaesti
736 1429 778 1486 mi
807 1428 906 1488 dbsiet
990 1437 1043 1492 738
1063 1449 1114 1488 res

102 1513 200 1572 omnis
277 1518 338 1574 789
362 1511 389 1569 si
416 1509 448 1568 ld
474 1530 556 1570 nuno
583 1511 660 1569 16616
746 1520 799 1577 748
821 1511 876 1572 866
903 1511 978 1591 quid
1062 1520 1114 1575 744

102 1597 179 1658 Siue
196 1593 282 1654 dum·
369 1602 420 1657 746
432 1595 524 1653 Μ666
609 1594 706 1694 quod
704 1602 735 1653 te
748 1595 834 1654 uolui
918 1597 1045 1655 uxdrem
1059 1595 1113 1653 ha-

101 1681 156 1740 bet
240 1679 386 1742 74716666
469 1686 522 1741 760
534 1667 649 1735 Alrd
625 1699 651 1737 s1
663 1697 772 1737 seuam
856 1687 906 1741 761
925 1679 1030 1737 Laohe

102 1762 377 1843 7666666666166
462 1770 514 1825 769
531 1781 599 1821 eum
613 1781 665 1821 om.
751 1768 804 1825 769
820 1762 910 1821 etiam
921 1761 981 1820 hoo
997 1760 1115 1821 credidi

157 1877 161 1884 -
188 1855 241 1910 788
255 1845 359 1926 quam]
382 1865 450 1905 oum
535 1852 586 1909 766
603 1838 755 1904 Aliter
731 1865 772 1904 666
796 1854 843 1905 666
863 1845 1047 1927 ι666ι1ι666ι
1065 1864 1114 1906 me

188 1930 363 2010 7666666116
393 1931 450 1988 sim
478 1931 592 1989 amicus
677 1936 730 1993 768
750 1929 872 1989 Defieri
958 1950 1034 2009 opus
1060 1928 1113 2007 sit]

104 2025 152 2075 est
237 2021 288 2077 769
310 2012 366 2073 Set
382 2015 416 2073 td
432 2034 498 2073 eum
520 2022 624 2072 satura
646 2013 838 2092 6666661616
860 2033 908 2086 es,
930 2022 961 2072 et
981 2015 1059 2094 pder
1079 2022 1113 2071 ut

103 2107 188 2158 satur
215 2099 256 2156 sit
284 2097 388 2156 166166.
474 2105 527 2160 770
545 2097 694 2156 nutricem
716 2116 812 2174 puero
897 2105 950 2160 780
971 2099 1018 2156 616
1041 2099 1111 2157 item

104 2191 151 2242 est
236 2191 346 2259 gnatus
432 2189 485 2244 784
506 2178 638 2240 narras?
667 2184 777 2280 quisue
799 2202 858 2241 uon
880 2190 945 2239 tute
966 2183 1032 2259 1666
1060 2181 1114 2239 du-

104 2268 175 2327 dum
260 2272 311 2328 787
328 2267 446 2346 166666
459 2265 605 2344 explosis
627 2266 775 2339 animum,
795 2275 831 2325 ut
851 2264 978 2324 erodant
1062 2273 1114 2328 788

102 2351 150 2410 his
171 2369 272 2408 meum
292 2348 359 2408 fore
443 2357 494 2413 791
515 2353 614 2407 desunt
628 2353 696 2407 unct
779 2345 831 2414 798
845 2348 906 2449 me]
922 2367 977 2407 uos
1063 2357 1115 2411 794

103 2434 177 2494 mfhi
198 2430 280 2513 quod
366 2434 448 2496 796
439 2452 540 2492 meam
557 2433 623 2492 siue
637 2452 705 2492 meo
790 2435 904 2512 prosim
990 2439 1040 2496 797
1056 2436 1115 2490 sue

103 2522 182 2576 66616
267 2517 302 2576 66
321 2516 511 2576 nobilitatem
539 2517 579 2576 ex
606 2536 643 2576 66
669 2535 703 2575 ι6
729 2516 850 2576 ntetam
935 2523 987 2580 798
1005 2515 1115 2574 Refert

104 2599 232 2679 grattiam
265 2599 306 2658 eii
390 2601 489 2678 iungit
573 2609 625 2664 809
653 2601 813 2680 quisquam
898 2609 951 2662 808
973 2599 1022 2658 (116
1043 2599 1113 2658 dum

103 2702 235 2765 quaeso,
261 2690 371 2744 tunes
455 2693 508 2748 819
530 2683 571 2743 mi
593 2682 719 2743 dederat
803 2693 855 2748 818
876 2682 1057 2743 6661166616
1153 2695 1163 2720 ·

103 2777 155 2831 896
177 2775 340 2846 postquam
354 2767 444 2827 uideo
466 2766 671 2848 (6166666676)
757 2777 809 2832 897
825 2768 1030 2846 suspectarier

103 2861 156 2916 880
178 2853 322 2928 cognouit
335 2851 493 2930 Myrrhina
514 2852 592 2911 haee
678 2861 730 2915 884
746 2856 808 2913 ndu
829 2852 1028 2912 66166661166

104 2937 221 2994 iurem
242 2943 288 2994 est
371 2944 424 2998 840
440 2936 504 2995 6166
522 2939 581 2994 6166
600 2940 680 2994 uuus
763 2936 977 3017 849661116166
1062 2945 1113 3000 846

106 3019 309 3097 direopiuor
393 3027 446 3083 846
468 3039 554 3078 suum
577 3019 700 3078 anulum
784 3029 835 3085 847
857 3020 931 3079 mihi
946 3029 976 3080 te
1062 3029 1113 3084 849

105 3122 159 3181 pro
182 3101 293 3162 66666
379 3112 440 3167 869
452 3104 542 3181 Egon
563 3104 595 3162 66
616 3103 669 3184 661
752 3103 862 3169 869116
882 3103 1113 3184 601666661661-

103 3195 170 3258 tus,
198 3186 313 3261 sdrmo,
343 3186 464 3246 adfatus
492 3190 561 3247 tuus
646 3194 696 3251 861
725 3209 875 3268 nusquam
959 3197 1011 3252 866
1033 3185 1113 3266 meo]

104 3271 165 3328 iam
250 3278 303 3334 666
323 3270 399 3348 uon]
420 3271 495 3330 haut
579 3281 630 3335 869
644 3272 795 3332 oecultum
817 3274 855 3332 iri
940 3281 993 3336 876
1014 3281 1045 3331 66
1065 3290 1113 3329 me

106 3371 144 3414 ex
231 3362 282 3418 877
305 3355 399 3414 Immo
421 3353 495 3415 6666
517 3357 581 3416 6616
667 3365 719 3418 880
742 3355 877 3416 Osuroa
900 3375 953 3415 orn.

190 3491 383 3598 Adelphos
403 3542 429 3581 u.
455 3531 473 3584 4
495 3521 532 3582 de
555 3543 589 3583 66
612 3523 679 3596 1666
703 3523 774 3582 tritt
798 3541 862 3646 uos¹¹
872 3521 960 3632 661616
983 3515 1110 3586 iudices,
