2582 3932
188 228 264 276 ml
586 229 826 273 mecaurhrtm

188 379 390 446 cuchemo
475 380 578 444 69616
598 378 857 460 quodpdllicitus
878 398 942 438 sum
1028 379 1192 443 697Ρ1166·

189 465 269 526 dria'r'
283 464 458 525 ostenderet
541 473 594 527 698
605 462 685 539 6666]
699 481 733 521 66
746 480 815 522 6666
900 471 952 525 666
963 463 1043 543 quiin]
1058 465 1109 542 qui

188 558 240 612 669
258 547 388 608 Ohreme
472 557 524 610 613
546 545 675 607 Chreme
760 555 811 609 619
824 554 1005 626 temptarem
1025 550 1107 626 prius
1123 566 1194 608 666·

187 633 314 692 tentiam
398 640 449 694 691
471 629 635 704 Uidemue,
656 631 736 690 inter
756 649 813 688 nos
833 631 912 690 haec
997 639 1050 694 699
1073 651 1194 709 compo·

188 723 298 775 uantur
382 722 435 778 636
446 715 580 794 inquam,
596 715 663 772 hic:
682 714 748 788 eho,
765 713 840 794 quid
924 718 1117 778 6646611666

188 808 238 862 641
262 797 318 858 On.
340 817 436 876 perge
520 805 572 861 649
593 799 657 856 Du.
684 796 760 856 cedo
846 806 897 860 646
920 797 998 858 adeo
1016 800 1057 858 eii
1142 807 1195 860 666

188 883 437 962 iamaprincipio
522 889 575 945 669
594 881 778 941 incommodi
864 880 976 944 66901)
987 880 1093 942 decem
1106 901 1194 941 mnas

273 974 325 1030 664
351 966 447 1043 petito
474 965 581 1025 1116666
666 973 718 1028 666
746 964 901 1024 ancillast:
924 973 1110 1025 tumentem

187 1057 238 1114 667
257 1050 315 1108 Η16
338 1049 429 1108 rebus
452 1049 529 1109 61166
549 1051 632 1128 pone
654 1067 737 1123 6666,
758 1049 867 1128 inquit,
890 1048 1006 1108 decem.
1091 1049 1195 1112 686mi

188 1131 311 1212 quidem
331 1151 380 1192 res
398 1131 480 1192 redit
564 1141 614 1199 667
638 1151 756 1204 omnes,
787 1131 819 1191 di
841 1131 934 1207 deae,
962 1133 1081 1212 superi,
1104 1132 1194 1190 inferi

272 1224 324 1280 699
336 1224 442 1276 contra
452 1217 528 1274 iam:
550 1217 577 1275 si
661 1216 840 1293 7161163661
855 1215 934 1275 nihil
948 1219 1085 1296 incipere
1100 1233 1195 1274 66666

189 1309 236 1360 666
252 1300 380 1360 6666166.
395 1303 455 1358 sine
467 1303 584 1359 lacunae
597 1305 673 1376 61966
760 1306 811 1362 716
828 1309 860 1359 66
872 1319 927 1362 om.
1011 1308 1063 1362 716
1076 1307 1194 1358 mature

271 1391 322 1446 791
341 1383 401 1462 ipsi
424 1385 477 1462 qui
560 1391 613 1446 799
632 1383 677 1443 611
693 1381 868 1461 degressos:
887 1385 1032 1462 quintum
1048 1385 1074 1442 16
1088 1383 1193 1442 uolue-

186 1470 225 1527 rit
247 1465 314 1527 dari
398 1474 451 1530 794
476 1466 594 1541 facere,
622 1467 705 1526 fama
730 1469 757 1526 si
781 1466 814 1525 id
832 1487 893 1527 non
908 1467 1058 1547 ddprobat
1140 1474 1193 1529 796

188 1571 309 1631 quoque
324 1555 384 1610 6166
399 1555 478 1610 anah
563 1551 723 1610 uoluntate
735 1550 815 1609 haec
898 1560 951 1615 796
963 1559 1109 1628 congruet

186 1643 237 1700 797
264 1635 317 1694 ubi
348 1655 405 1713 ego
434 1635 505 1693 11166
532 1635 614 1694 6666
637 1645 701 1694 tam
725 1637 859 1713 reperire
942 1643 996 1697 796
1015 1653 1065 1726 sq3
1082 1633 1194 1692 misera

186 1733 357 1807 inueniam,
384 1751 443 1813 quo
475 1733 602 1792 consilia
630 1733 708 1792 haec
733 1733 879 1806 referam,
903 1740 996 1813 atque
1015 1728 1019 1811 ]
1039 1729 1130 1791 Unde
1151 1731 1192 1790 mi

186 1816 334 1875 auxilinm
355 1813 480 1894 petam?
565 1816 771 1894 7361661366
854 1825 906 1882 767
929 1817 991 1894 Qui
1020 1817 1084 1874 6166
1105 1819 1191 1892 pater
1277 1869 1278 1884 ,

84 1899 88 1909 “
187 1907 243 1958 666.
260 1897 319 1959 06.
335 1897 435 1958 idco?
455 1918 495 1957 an
510 1918 628 1975 maneo,
713 1907 765 1963 746
783 1900 904 1979 Stilpho
988 1907 1039 1966 749
1054 1905 1125 1956 6666
1138 1915 1192 1956 om.
1277 1885 1278 1950 l

270 1990 323 2044 766
347 1982 407 2040 hac
433 2001 486 2042 om.
572 1991 625 2047 766
645 1983 719 2058 Em,
746 1984 829 2062 16616]
858 1985 908 2044 1661
933 1985 1057 2064 inquam
1141 1989 1194 2043 764

186 2064 391 2128 6661667116.
407 2085 462 2138 au,
484 2065 625 2143 obsecro,
641 2070 734 2127 unam
818 2076 871 2132 769
885 2066 1016 2145 Quicum
1100 2072 1194 2142 atque
1276 2119 1277 2143 3

185 2151 220 2208 66
234 2148 376 2208 uolebam
390 2147 486 2208 fllium
502 2149 631 2210 16666616
716 2159 767 2215 761
785 2150 873 2229 [Sine
958 2169 1032 2209 cura
1049 2149 1193 2221 maxima,

185 2251 241 2292 sua
326 2231 422 2310 16616]
508 2241 561 2296 764
579 2234 716 2295 homines
800 2243 852 2298 765
873 2235 953 2294 intus
969 2235 1073 2293 666666
1088 2229 1192 2290 66616-

186 2336 262 2376 mus.
354 2322 406 2379 766
434 2316 522 2376 malis
614 2327 667 2383 772
700 2317 746 2376 llli
778 2337 844 2377 rem
874 2317 1056 2395 gesserimus
1141 2323 1193 2378 774
1275 2322 1276 2337 ’

184 2401 288 2461 Etiam
308 2399 381 2458 1666
466 2401 542 2459 haut
555 2402 619 2461 scio
704 2409 757 2465 776
769 2401 830 2460 huc
842 2403 907 2462 eius
991 2409 1044 2465 786
1057 2399 1193 2459 haesitas

184 2485 248 2544 luto
335 2482 429 2542 soluis
513 2493 564 2548 781
589 2483 670 2546 Geta
690 2505 742 2544 om.
830 2486 862 2544 in
892 2485 972 2544 diem
994 2484 1108 2543 malum

184 2577 236 2632 783
257 2567 470 2627 Phormionem
497 2575 550 2627 666
573 2564 675 2647 huius]
701 2569 899 2628 Naustratam
919 2588 1021 2648 neque
1043 2569 1108 2627 eius

184 2659 236 2715 796
256 2653 330 2712 bina
350 2649 491 2731 quaeso?
572 2661 628 2718 ,791
648 2653 741 2712 multo
763 2653 881 2712 talentu
901 2652 987 2730 bina]
1010 2659 1112 2710 tamen
1133 2647 1193 2709 666

184 2735 301 2794 6616666
383 2743 436 2798 794
461 2736 502 2794 66
530 2734 713 2796 adulescens
746 2735 856 2795 muilier
884 2744 916 2795 te
948 2736 1058 2814 fatiget
1141 2742 1192 2797 797

186 2818 314 2880 Chreme
399 2818 549 2897 8636166]
569 2839 645 2881 6666
730 2829 783 2884 866
797 2820 890 2880 miror
905 2820 958 2902 qui
977 2820 1035 2881 hoc
1049 2819 1109 2878 siet
1272 2893 1273 2898 ἵ

183 2913 236 2967 619
255 2903 352 2962 nostri
370 2901 427 2962 hoc
511 2911 562 2967 697
582 2903 718 2964 habendi
801 2912 855 2968 896
874 2905 1002 2982 Regem,
1026 2901 1108 2983 quod
1123 2921 1193 2962 con·
1272 2903 1273 2906 ’

183 2986 330 3046 66616661
348 2987 444 3065 patris
468 3007 516 3046 me
537 2987 655 3066 tempus
675 3007 787 3068 capere
810 2987 927 3048 iubeat.
949 2993 1009 3046 rinc
1028 2992 1109 3045 66616

184 3080 236 3134 866
249 3073 373 3150 propria
388 3089 425 3130 ea
437 3069 593 3132 Phaedria
605 3080 640 3132 ut
722 3082 775 3136 636
795 3073 841 3132 661
861 3071 973 3149 fugitet
991 3079 1109 3149 patrem

183 3163 236 3217 649
254 3153 353 3230 Qudm
369 3153 508 3214 desubito
520 3175 570 3215 ero
654 3165 708 3220 646
721 3156 796 3238 quid
815 3156 866 3216 hic
950 3164 1003 3220 646
1016 3173 1126 3214 nouom
1140 3163 1194 3214 aut

183 3237 320 3297 mirumst
404 3247 455 3302 649
474 3239 612 3316 Pergin?
637 3241 741 3302 hercle
766 3242 931 3319 numquam
952 3237 1044 3299 hodie
1067 3238 1135 3298 odio
1158 3240 1193 3297 66
1270 3245 1271 3250 ’

184 3340 232 3379 me
317 3331 439 3386 666616
522 3332 574 3386 669
596 3322 728 3402 domum!
752 3324 792 3384 ad
806 3321 967 3384 Chremem
1052 3329 1104 3385 874
1124 3324 1191 3382 666’

183 3404 262 3462 haec
346 3404 550 3469 87716666161
632 3416 686 3474 666
700 3411 765 3469 6166
780 3406 916 3467 habendi
932 3408 965 3468 66
981 3406 1054 3466 dare
1141 3413 1193 3470 896

184 3495 246 3562 poti
266 3509 292 3548 v·
312 3492 479 3564 9051391'1151*
562 3499 613 3554 961
636 3497 739 3554 causa.
756 3494 800 3552 ita
810 3490 915 3552 hercle
929 3489 1055 3552 6666161.
1141 3497 1193 3554 969
