2592 3930
627 183 794 268 suevus.
1018 211 1213 266 mico-oo
1282 163 1283 222 l

292 387 468 452 Pollicitast
483 408 520 450 ιι
537 407 572 449 ιι
586 389 800 448 concessuram
816 405 853 448 ex
868 384 1004 447 aedibus.

291 490 379 550 Nunc
399 490 560 570 postquam
581 485 753 566 ademptam
772 486 851 546 hane
872 489 993 564 quoqne
1013 486 1073 545 tibi
1094 489 1214 546 cuusim

291 688 375 748 Puer
391 688 462 766 quia
477 684 555 746 ulum
569 688 603 743 te
618 687 666 742 ιιι
684 683 789 758 nitus,
811 686 920 742 nactus
935 679 1062 741 ilterum
1078 699 1122 741 es.

292 786 404 863 Euris,
426 785 471 844 tui
487 782 579 842 animi
594 782 621 840 si
635 799 684 840 me
700 797 769 838 esse
783 779 924 858 ignarum
939 784 1039 858 putas.

292 881 468 962 Aliqntndo
484 879 609 941 taudem
626 880 687 939 huc
703 878 834 939 inimum
848 883 883 938 ut
898 875 1043 956 adiungis
1057 883 1155 952 tuom,

294 982 391 1059 Quum
406 979 532 1058 lingum
548 980 679 1060 apetium
694 975 815 1036 umtndi
829 976 954 1036 amicam
971 975 1030 1034 tibi
1047 971 1138 1032 dedi!

293 1079 440 1160 Sumptus
457 1095 533 1157 quos
548 1077 652 1136 fecisti
668 1079 700 1134 in
717 1093 783 1134 eam
803 1094 892 1153 quam
908 1074 1007 1134 animo
1026 1074 1124 1151 aequi
1141 1071 1217 1132 tuli!

292 1180 351 1258 Egi
366 1184 459 1258 itque
477 1180 563 1238 oraui
577 1178 679 1238 tecum
696 1194 824 1236 uxorem
839 1181 875 1236 ut
890 1173 1033 1251 (luceres,
1165 1183 1216 1236 686

293 1277 431 1357 Tempsis
447 1276 511 1337 dixi
528 1294 612 1336 esse:
633 1273 761 1355 inpulsu
775 1272 888 1333 (luxisti
902 1291 980 1332 meo.

293 1375 392 1454 [Quae
405 1381 471 1436 tum
490 1377 654 1436 obsecutus
669 1372 745 1434 mihi
759 1371 865 1444 iecisti
880 1376 915 1430 ιιι
930 1369 1091 1448 decuerat]

290 1477 378 1538 Nunc
394 1475 526 1534 inlusum
542 1492 663 1533 rursum
680 1471 718 1533 ad
733 1474 931 1534 meretricem
947 1471 1067 1542 induxti
1082 1476 1188 1532 tuom:

291 1572 361 1650 {cui
376 1578 411 1633 tu
428 1573 593 1632 obsecutus
606 1570 683 1630 facis
698 1571 773 1630 huic
787 1569 864 1630 adeo
878 1571 1033 1649 iniuriam]
1164 1583 1217 1637 690

290 1669 366 1730 Num
379 1671 412 1729 ln
428 1668 557 1730 eindem
571 1669 664 1728 ultum
679 1668 712 1727 ιι
726 1667 902 1729 reuolutum
916 1667 1016 1728 denuo

64 1845 67 1850 Ι
166 1783 192 1824 uo
288 1768 390 1830 Video
406 1769 484 1830 έιιι.
508 1767 564 1828 Ps.
579 1765 700 1827 Mene?
720 1766 778 1826 lm.
794 1765 843 1826 'le
857 1769 972 1847 ipsum:
995 1773 1028 1826 et
1041 1767 1119 1826 iacis
1134 1769 1216 1827 iuliu-

663 1883 749 1925 nuno.

159 1959 160 1962 ¹
291 1965 452 2044 confingis
466 1965 559 2025 iulsas
575 1969 681 2024 ιιιιιιι
698 1961 949 2042 centonomium,

289 2053 422 2124 lituum
444 2061 498 2122 illu
517 2063 619 2139 niusa,
647 2060 761 2120 testem
782 2061 861 2121 hanc
885 2079 977 2140 quom
1000 2063 1108 2120 abste
1131 2064 1215 2122 umo-

663 2177 763 2218 uernat

290 2257 456 2337 Sensitque
472 2256 549 2319 adeo
565 2277 650 2318 uxor.
672 2276 743 2317 num
758 2260 788 2317 ei
803 2276 892 2318 causa
908 2257 967 2318 alia
982 2259 1061 2338 quae
1074 2257 1146 2338 fuit,
1163 2268 1214 2322 695

290 2355 386 2432 Quam
406 2357 514 2417 obrem
533 2358 587 2417 ιιι
609 2362 642 2416 ιι
666 2357 790 2417 abiret?
814 2357 872 2420 Pu.
889 2355 985 2416 Plione
1005 2357 1057 2416 hic
1077 2353 1215 2416 diuinit:

662 2473 732 2514 nam
747 2454 853 2516 idest.

164 2564 190 2605 τι
203 2552 260 2613 ΡΛ.
288 2552 372 2612 Dabo
390 2554 438 2612 iris
454 2551 615 2612 iurandum
633 2550 678 2612 nil
693 2546 909 2614 esse'istorium
924 2553 992 2613 tibi.
1014 2551 1072 2612 lm.
1087 2553 1148 2630 Ah,

288 2650 418 2712 Redduic
438 2670 581 2729 uxorem,
604 2656 656 2710 ant
670 2671 761 2730 qnam
776 2652 883 2712 obrem
897 2671 960 2712 non
975 2670 1052 2730 opus
1066 2653 1107 2711 sit
1122 2650 1213 2711 cedo.

204 2750 261 2811 Ps-
286 2750 356 2810 Non
376 2751 425 2810 ost
443 2769 525 2811 nunc
545 2759 676 2828 tempus.
699 2749 909 2810 Ls.P1lerum
926 2750 1073 2829 accipias:
1096 2768 1166 2809 uam
1186 2751 1214 2808 is

663 2845 787 2928 quidem

287 2945 321 3005 lu
337 2945 428 3027 culpo
439 2965 503 3006 non
518 2952 580 3007 est:
600 2949 671 3026 post
686 2945 726 3006 de
741 2951 840 3005 matre
854 2944 972 3007 uidero.
1159 2955 1214 3009 700

203 3043 259 3104 Pr.
286 3043 435 3106 Omnibus
449 3044 548 3108 modis
563 3044 657 3106 mirer
672 3065 738 3107 sum
753 3065 812 3106 nec
829 3043 903 3124 qnid
918 3048 1003 3124 agtm
1021 3044 1102 3104 seio:

164 3164 190 3205 so
288 3141 351 3202 Tot
365 3143 415 3202 me
429 3161 510 3203 nunc
524 3145 618 3203 rebus
632 3147 778 3207 miserum
794 3143 953 3210 concludit
966 3150 1065 3225 poter.

287 3240 387 3299 Abibo
401 3241 491 3321 binc,
510 3259 658 3322 praesens
675 3242 795 3322 quintio
810 3244 978 3324 promousit
994 3259 1112 3321 parum.

286 3337 363 3396 Num
376 3338 507 3417 puberum
520 3340 639 3401 iniussn
652 3339 747 3400 credo
763 3360 826 3402 non
840 3338 955 3401 tollent
968 3358 1048 3419 meo,

284 3435 473 3496 Praesertim
488 3439 521 3499 in
535 3457 572 3498 ea
586 3457 621 3498 re
637 3440 728 3518 quim
743 3441 784 3500 sit
798 3441 839 3502 mi
855 3439 989 3500 adiutrix
1003 3458 1119 3502 socrus.
1159 3448 1212 3503 705
