2596 3934
190 224 251 288 140
435 221 622 284 HEAVTON
644 221 933 286 iinonvtfflitos.
1009 231 1063 288 113
1078 236 1195 290 41-69

272 407 348 468 Nam
363 425 400 467 ea
415 408 467 468 res
485 405 651 468 deditium
666 406 869 468 existumandi
886 410 1005 490 cipiam
1107 433 1114 438 ·

273 505 455 567 cotidianae
469 507 552 566 uitae
567 504 833 586 consuetudinem,

273 606 359 683 Quae
375 605 545 685 quoiusque
559 605 716 684 ingenium
730 613 765 666 ut
781 609 823 666 sit
836 604 978 668 declarat
992 612 1141 670 mirume.

273 702 444 764 Texentem
458 700 554 764 telam
569 702 709 764 studiose
724 705 821 784 ipsam
835 703 1031 786 offendimus,
1142 715 1193 772 285

272 800 480 864 Mediocriter
497 803 641 862 uestitum
654 806 744 861 ueste
757 799 882 880 ligubri

273 892 370 984 (Eine
386 901 472 961 tuuis
488 917 578 959 cansa
592 899 702 979 opinor
717 917 795 979 quae
809 906 879 960 erat
890 894 1033 988 mirina)

273 1003 348 1066 Sine
362 1004 452 1064 arirc:
474 1005 540 1061 tum
554 1004 692 1060 ornatam
706 1002 749 1060 ita
762 999 808 1060 uti
825 1017 903 1080 quae
918 1001 1069 1062 ornantir
1084 1002 1155 1081 sibi,

271 1101 362 1166 Nullt
376 1099 455 1162 mala
469 1117 506 1161 re
520 1115 590 1161 esse
608 1097 772 1180 expolitam
785 1098 931 1161 miliebri

474 1217 493 1250 tt
668 1215 688 1248 ἱ
863 1213 882 1250 ¹}
1057 1217 1075 1251 st

273 1297 411 1380 Capillus
428 1315 535 1380 passus
550 1294 669 1377 prilhe
685 1301 715 1356 et
729 1294 847 1356 circium
862 1305 953 1379 ceput
1143 1307 1195 1363 290

270 1398 417 1460 Reiectus
431 1393 647 1475 neglegenter,
667 1411 735 1474 pax.
763 1393 852 1456 Cam.
867 1394 947 1476 Syre
961 1397 1013 1476 mi,
1032 1398 1176 1475 ebsecro,

272 1497 320 1558 Ne
334 1513 384 1555 me
399 1497 431 1554 in
446 1491 597 1554 laetitiam
610 1491 730 1552 irrisira
744 1491 887 1553 conicite.
909 1492 963 1554 Sr.
978 1494 1064 1554 Anus

273 1594 443 1656 Subtemen
461 1590 570 1650 nebat:
590 1587 756 1670 praeterea
770 1607 830 1648 una
844 1588 992 1650 ancillula

271 1695 366 1768 Erst3
386 1690 423 1751 es
436 1689 563 1750 terebat
579 1688 649 1766 iana,
670 1687 781 1768 pannis
796 1689 906 1768 ribalta,

270 1786 444 1870 Neglecta,
480 1784 627 1846 inmunda
652 1781 782 1846 inlinie.
836 1787 921 1849 carr.
945 1787 978 1849 Si
1003 1789 1081 1850 haec
1111 1794 1193 1867 sunt,

645 1881 758 1961 Clinia,
1142 1897 1193 1953 295

271 1985 365 2064 Vera,
387 1986 430 2045 ite
445 1983 492 2043 uti
507 1981 613 2062 credo,
635 1985 703 2062 quis
717 1989 781 2044 test
794 1983 1005 2046 icrtunitinri

273 2084 348 2147 Scin
362 2083 442 2142 hinc
457 2099 547 2161 quam
563 2078 640 2142 dicit
655 2079 842 2142 serditlatsm
858 2088 891 2142 et
905 2079 1083 2142 struinam?

271 2180 418 2260 Magnum
433 2179 493 2240 hie
511 2197 635 2260 quoque
652 2180 818 2258 sigramni,
841 2178 994 2241 diminam
1015 2197 1085 2242 esre
1106 2186 1194 2242 extra

636 2277 767 2356 neriam,

272 2378 371 2454 Quom
385 2375 453 2436 eiris
466 2381 529 2436 tam
542 2373 752 2456 neglegentur
765 2376 962 2438 internuntii.
1008 2435 1010 2440 ,

269 2475 346 2538 Nam
361 2474 554 2557 disciplinati
569 2475 626 2555 cis,
649 2475 882 2538 demuueririer
1141 2487 1193 2540 300
1277 2487 1278 2498 ³

146 2600 172 2641 eo
269 2573 409 2638 Ancillas
422 2577 565 2656 primum,
588 2573 627 2635 ad
643 2575 779 2638 climinas
795 2575 848 2656 qul
863 2572 1021 2636 adiectint
1033 2575 1124 2635 uiam.

186 2677 274 2739 Gnm.
295 2677 408 2754 Perge,
431 2676 561 2735 ibaecro
577 2681 627 2747 te,
649 2682 682 2736 et
696 2677 770 2736 ciue
783 2693 824 2735 ne
838 2672 947 2736 ialsam
965 2674 1094 2753 gritiam

270 2772 402 2834 Studets
415 2774 506 2834 inire.
526 2771 601 2853 quid
616 2775 669 2851 ait,
688 2771 741 2832 uhi
755 2789 805 2832 me
818 2771 981 2833 niminasl

186 2873 239 2936 Sr.
269 2873 331 2936 Vbi
347 2871 476 2933 dicimus
492 2869 615 2934 redisse
629 2875 662 2933 te
677 2876 711 2932 et
723 2873 834 2950 regiae
849 2874 894 2932 nti

268 2971 400 3035 Veniret
415 2967 454 3031 atl
467 2976 512 3050 te,
534 2969 647 3031 millies
660 2967 753 3032 telam
768 2967 883 3030 desinit
1139 2981 1190 3036 305
1274 2970 1275 3051 i

143 3092 168 3134 aa
268 3071 422 3132 Continuo
439 3075 472 3130 et
485 3066 632 3130 lacrumis
649 3067 757 3151 ripplet
772 3087 806 3128 os
820 3067 918 3128 tctim
933 3069 1002 3146 sibi,

267 3168 311 3230 Vt
324 3163 418 3227 facile
434 3167 532 3229 scires
546 3165 703 3228 desiderio
719 3165 753 3227 id
766 3165 849 3228 iieri.

182 3265 269 3328 Cum.
293 3265 373 3325 Prae
388 3262 517 3344 gaudie,
538 3265 582 3327 its
598 3284 649 3327 me
663 3264 696 3325 di
712 3270 825 3343 ament,
847 3265 899 3324 ubi
913 3264 970 3324 sim
983 3261 1107 3324 nescio:

264 3363 310 3423 lta
323 3363 421 3423 timui.
451 3361 535 3424 Cam.
553 3363 596 3424 At
609 3380 668 3441 ego
685 3360 731 3422 nil
744 3362 813 3423 esse
828 3363 953 3441 scibam,
976 3358 1085 3421 Clinia.

265 3459 332 3538 Age
348 3457 420 3519 dim
432 3458 579 3540 uicissim,
600 3459 691 3541 Syre,
712 3458 763 3520 dic
778 3478 856 3541 quae
871 3459 957 3521 illast
973 3453 1096 3522 alterat
1139 3470 1189 3525 ³1⁰
