2582 3932
417 220 526 304 VITA
555 217 785 281 nonnulli.
1089 225 1108 286 5

94 395 300 453 adulescentuli
318 393 411 462 luere,
429 411 513 465 quam
525 393 649 465 Sulpicio
667 393 761 461 Gallo,
777 393 892 448 homine
911 393 992 450 docto
1010 400 1038 450 et
1055 413 1107 467 quo

95 482 211 537 consule
228 479 303 534 ludis
315 475 516 558 Megalensibus
534 479 641 533 initium
658 477 756 532 lecerit
768 477 922 534 tabularum
940 478 1106 547 dandarum,

70 623 83 630 ,
96 567 142 621 uel
154 565 188 632 Q.
198 563 286 619 Fabio
298 562 426 617 Labeone
438 569 466 617 et
476 563 514 617 M.
527 562 662 632 Popillio,
685 561 827 616 consulari
837 567 955 634 utroque
967 580 1000 619 ac
1012 567 1107 634 poeta.

95 649 161 705 ideo
174 650 268 719 ipsum
280 661 336 701 non
348 646 465 701 iuuenes
479 645 661 718 designasse,
679 645 725 715 qui
738 661 769 700 se
781 644 925 702 adiuuisse
938 647 1106 714 dicerentur,

95 731 148 789 sed
166 735 257 798 uiros,
276 746 394 802 quorum
410 745 525 802 operam
541 735 569 784 et
586 729 616 784 in
633 731 705 787 bello
725 734 751 784 et
768 729 797 784 in
815 731 870 786 otio
894 735 922 785 et
942 732 971 787 in
994 734 1136 804 negotio5

93 817 217 889 populus
235 815 271 870 sit
285 820 428 886 expertus.

180 914 247 967 Post
265 911 354 967 editas
368 910 547 978 comoedias,
567 909 691 965 nondun}
704 910 829 981 quintum
839 915 921 981 atque
934 912 1108 983 trigesimum

94 1013 231 1069 egressus
241 1012 353 1064 aunum,
367 1011 454 1052 causa
466 994 614 1051 euitandae
627 994 776 1066 opinionis,
791 1009 845 1064 qua
857 994 1005 1052 uidebatur
1016 995 1108 1050 aliena

93 1097 147 1153 pro
165 1081 225 1136 suis
244 1080 345 1148 edere,
365 1096 416 1135 seu
433 1077 608 1150 percipiendi
620 1079 791 1135 Graecorum
808 1078 933 1135 instituta
947 1095 1106 1150 moresque,
1186 1112 1188 1117 ·

95 1182 167 1237 quos
178 1164 296 1236 perinde
308 1165 477 1235 exprimeret
488 1164 517 1218 in
529 1163 654 1235 scriptis,
679 1178 812 1234 egressus
834 1165 930 1219 urbem
953 1169 996 1219 est
1016 1177 1106 1233 neque
1119 1173 1153 1224 ιο

96 1251 216 1320 amplius
233 1248 324 1304 rediit.
348 1247 388 1302 De
403 1252 495 1302 morte
507 1249 569 1304 eius
583 1249 728 1305 Volcatius
745 1249 785 1305 sic
800 1248 898 1305 tradit:

138 1332 197 1391 Sed
206 1337 237 1388 ut
246 1319 314 1388 liler
326 1347 378 1388 sex
388 1333 493 1404 populo
506 1331 596 1388 edidit
610 1330 782 1400 comoedias,

136 1417 191 1472 Iter
203 1413 268 1472 hinc
281 1418 309 1471 in
320 1417 421 1472 Asiam
433 1415 507 1471 lecit.
540 1415 635 1492 nanim
647 1416 731 1487 quom
744 1417 833 1471 semel

139 1499 325 1568 Conscendit,
338 1501 419 1556 uisus
430 1504 618 1572 numquamst.
641 1500 682 1554 sic
694 1497 752 1554 uitai
764 1505 856 1555 uacat.

95 1586 130 1653 Q.
152 1583 307 1641 Cosconius
324 1584 488 1639 redeuntem
508 1601 524 1638 e
539 1584 658 1639 Graecia
674 1584 784 1655 perisse
801 1584 831 1638 in
842 1579 858 1614 *
870 1585 940 1639 mari
958 1583 1024 1640 dicit
1042 1601 1105 1640 cum
1119 1591 1150 1644 15

95 1675 207 1724 centum
227 1675 255 1724 et
271 1674 332 1725 octo
346 1669 447 1724 sabulis
468 1668 612 1723 conuersis
632 1666 827 1722 aMenandro.
861 1666 952 1723 Ceteri
968 1673 1107 1722 mortuum
1119 1673 1159 1739 (5)

95 1769 162 1808 esse
181 1753 210 1807 in
225 1752 351 1808 Arcadia
363 1751 521 1824 Stymphali
532 1745 548 1782 ³*
560 1752 624 1806 sinu
640 1744 829 1806 Leucadiae*
845 1751 957 1808 tradunt
976 1750 1025 1808 Cn.
1041 1751 1107 1807 Cor-

94 1838 170 1892 nelio
192 1835 337 1893 Dolabella
358 1837 397 1892 itt.
419 1836 517 1892 Fuluio
541 1836 684 1892 Nobiliore
709 1836 887 1904 consulibus,
911 1838 1008 1892 morbo
1027 1836 1106 1907 inpli-

96 1921 181 1977 citum
200 1921 258 1975 acri
277 1935 314 1976 cx
331 1921 429 1976 dolore
446 1937 479 1975 ac
495 1920 588 1976 taedio
601 1921 769 1976 amissarum
781 1921 971 1988 sarcinarum,
995 1921 1106 1992 quasin

95 2005 163 2060 naui
187 2006 388 2076 praemiserat,
417 2019 450 2060 ac
474 2005 557 2060 simul
581 2006 748 2073 tabularium
780 2021 849 2076 quas
876 2021 966 2061 nouas
990 2007 1151 2062 leceratio

94 2090 196 2145 Fuisse
215 2089 316 2145 dicitur
333 2089 469 2144 mediocri
487 2094 609 2156 statura,
628 2089 727 2160 gracili
749 2104 881 2160 corpore,
907 2091 1001 2145 colore
1014 2091 1105 2146 lusco·

5 2247 6 2254 ἵ
95 2173 219 2244 Reliquit
237 2173 339 2243 filiam,
360 2188 432 2244 quae
446 2178 512 2244 post
530 2173 615 2242 equiti
627 2171 755 2228 Romano
776 2175 885 2246 nupsit:
900 2174 967 2229 item
977 2174 1105 2230 hortulos

97 2258 196 2330 uiginti
208 2260 338 2330 iugerum
349 2258 398 2313 uia
408 2257 502 2329 Appia
520 2255 557 2312 ad
567 2257 664 2312 Martis
680 2257 809 2326 [uillam].
843 2258 904 2326 Quo
917 2259 1007 2330 magis
1019 2259 1105 2313 miror

96 2343 226 2398 Porcium
238 2341 376 2397 scribere:

606 2425 646 2480 nil
656 2425 769 2481 Publius
1118 2433 1151 2486 25

140 2505 237 2580 Scipio
249 2509 369 2581 proluit,
382 2509 421 2563 nil
433 2510 459 2564 ci
470 2507 597 2576 Lae'lius,
610 2511 648 2564 nil
658 2510 769 2576 Furius,

137 2593 208 2649 Tres
219 2609 270 2666 per
283 2593 359 2648 idem
370 2593 481 2664 templis
493 2593 540 2664 qui
552 2593 695 2664 agitabant
704 2592 812 2650 nobiles
825 2588 984 2650 facillume:

137 2677 242 2732 Eorum
253 2679 299 2732 iile
311 2667 446 2748 operarie
458 2676 573 2733 domum
586 2677 699 2747 quidem
710 2675 806 2732 habuit
820 2674 1034 2746 conducticiam,

138 2759 244 2818 Saltem
255 2768 285 2817 ut
296 2767 373 2817 esset
384 2761 438 2833 qud
451 2763 569 2817 referret
580 2763 684 2818 obitum
697 2761 802 2818 domini
814 2762 954 2818 seruolus.

179 2845 260 2900 Hunc
272 2845 408 2903 Afranius
428 2845 541 2918 quidem
561 2848 689 2902 omnibus
706 2847 822 2904 comicis
839 2848 963 2918 praefert
980 2847 1105 2903 scribens
1116 2853 1151 2908 30

96 2930 124 2984 in
136 2928 353 3000 Compitalibus:

138 3012 269 3069 Terentio
282 3030 339 3069 non
351 3010 472 3070 similem
484 3013 563 3070 dices
576 3014 745 3087 quempiam.

96 3097 241 3154 Volcatius
265 3103 357 3154 autem
380 3100 545 3173 nonsolum
561 3099 669 3155 Naeuio
691 3106 719 3154 et
728 3100 825 3155 Plauto
849 3106 876 3156 et
893 3099 1030 3168 Caecilio,
1055 3099 1106 3156 sed

94 3181 201 3238 Licinio
219 3199 330 3255 quoque
348 3190 376 3238 et
391 3181 477 3240 Atilio
494 3184 647 3256 postponit.
682 3182 778 3240 Cicero
797 3186 825 3239 in
834 3185 949 3241 Limone
968 3185 1105 3242 hactenus

95 3266 205 3323 laudat:
1116 3271 1151 3326 35

97 3375 103 3385 ·
136 3351 180 3407 Tu
191 3366 319 3424 quoque,
333 3352 379 3424 qui
392 3354 470 3408 solus
482 3353 554 3408 lecto
568 3369 713 3422 sermone,
726 3352 847 3422 Terenti,

130 3434 314 3494 Conuersum
325 3453 549 3510 expressumque
561 3437 659 3493 Latina
668 3453 740 3492 uoce
751 3435 938 3493 Menandrum
