2592 3930
111 229 274 284 nna-ss
504 225 713 288 ADELPHI.
862 296 864 301 ,
1053 227 1114 292 297

196 407 361 467 Penduiam
387 409 420 467 in
445 405 514 467 loce
541 405 708 486 neglegere
734 409 903 469 mesumum
928 407 1116 472 interduimst

477 553 480 558 .
564 502 701 564 lucrum:
722 505 788 582 hui,

146 629 150 636 ·
196 599 354 678 Memini,
376 601 402 660 si
417 619 497 660 nunc
513 599 553 659 de
569 601 706 660 tunium
722 603 927 664 cencessisses
940 602 1097 684 pauilulum

196 700 298 777 Atque
313 697 503 760 edulescenti
517 700 749 778 merigeraaara‚
764 700 920 760 heminam
932 702 1023 762 homo
1039 703 1116 762 stul·
1130 722 1155 762 ιο

565 799 704 876 tissume,

195 893 242 952 Ne
262 896 324 952 nen
346 895 404 954 tibi
426 895 506 954 istun
526 893 711 958 faeneraret.
743 895 796 956 Ss.
818 879 883 975 dgn
906 915 991 977 spem
1013 899 1115 977 pretio

561 995 622 1052 nen
644 1010 723 1056 emo.

111 1088 164 1150 Su.
194 1088 363 1170 Numqutm
378 1105 444 1150 rem
459 1089 571 1150 facies:
601 1090 670 1168 ebi,
691 1090 833 1152 inescare
848 1091 949 1152 neseis
964 1092 1116 1171 homiues,

565 1185 688 1247 Senniu.
1064 1197 1117 1252 220

111 1281 161 1346 Sar
194 1281 297 1344 Credo
314 1284 394 1344 istuc
411 1280 528 1342 melius·
538 1284 622 1344 esse:
650 1302 759 1344 uerum
779 1302 837 1362 ego
854 1285 1017 1366 nuimquam
1039 1285 1116 1345 adeo

564 1381 682 1440 astutus
703 1381 759 1460 fui,

194 1478 274 1555 Quin
290 1477 439 1557 quidquid
454 1497 577 1559 possem
590 1477 712 1539 mellem
727 1479 851 1539 auferre
861 1481 965 1559 petius
978 1482 1011 1540 in
1025 1500 1116 1560 prae-

566 1577 675 1637 sentia.

111 1675 163 1736 Su.
194 1672 261 1753 Age
277 1675 350 1736 neni
365 1681 450 1736 tunm
465 1675 613 1736 animem:
638 1677 725 1754 quasi
745 1676 805 1735 iam
825 1677 959 1755 usquam
973 1678 1031 1737 tibi
1054 1679 1116 1739 sint
1129 1689 1155 1730 1⁵

564 1773 674 1850 uiginti
691 1773 802 1849 minae,

195 1869 273 1929 Dum
286 1870 359 1929 hnic
377 1871 558 1950 dbsequare.
579 1871 744 1950 praeterea
763 1876 865 1932 autem
884 1878 919 1931 te
938 1872 1024 1931 diunt
1041 1891 1115 1952 pru-

442 1960 444 1963 ’
563 1969 662 2028 drisci
678 1970 831 2048 Cyprum,
855 1969 909 2030 Ss.
924 1969 1013 2029 Hem.

7 2127 8 2144 q
111 2063 162 2124 Su.
193 2066 343 2125 coemisse
357 2066 431 2125 hinc
446 2084 523 2144 quae
542 2064 619 2125 illuc
634 2066 767 2127 ueheres
781 2064 894 2144 multa,
916 2069 1026 2126 neuem
1042 2086 1114 2128 con-

564 2164 701 2226 ductam:
720 2167 779 2224 hdr
792 2167 868 2244 scio,
1062 2175 1113 2230 225

194 2263 322 2324 Animas
337 2262 536 2344 turpentes.
558 2245 612 2324 {aar
632 2261 720 2326 nnnc
742 2281 834 2342 spero
857 2263 991 2324 reuera
1011 2271 1114 2325 tamen

563 2361 624 2420 hec
645 2379 724 2439 ages.

7 2455 9 2486 '
110 2454 163 2517 Sa.
191 2453 345 2534 Nusquem
360 2455 482 2536 pedem.
510 2458 591 2537 perii
608 2456 732 2517 hercle:
754 2459 812 2517 hac
825 2455 873 2517 illi
889 2477 944 2537 spe
958 2459 1017 2517 hec
1029 2460 1114 2518 ince-

7 2555 8 2564 ’
382 2551 386 2557 ’
557 2556 681 2635 pertint.
704 2555 755 2617 Ss.
774 2555 893 2615 Timet:

194 2649 287 2710 inieci
302 2650 478 2730 scrupulum
493 2653 619 2713 hemini.
641 2651 695 2713 SA.
712 2652 738 2712 0
756 2651 894 2712 scelera:
915 2651 995 2713 illrid
1010 2651 1094 2732 uide,
1127 2679 1155 2720 20

194 2745 237 2810 vt
252 2749 284 2808 in
299 2749 367 2828 ipso
386 2735 516 2809 urtinulo
530 2750 696 2830 oppressit.
720 2755 841 2830 emptae
856 2748 1004 2811 muilieres

194 2843 377 2924 Comph'rres
392 2852 424 2906 et
437 2847 512 2906 item
527 2847 600 2906 hinc
616 2846 674 2907 elia
689 2865 767 2926 quae
781 2850 873 2926 porte
890 2848 1034 2928 Cyprum.
1062 2857 1114 2912 230

193 2941 259 3002 Nisi
276 2961 313 3026 eo
329 2942 367 3004 ed
381 2952 550 3006 mercatum
564 2947 667 3024 uenio,
692 2944 833 3005 damnum
850 2951 1057 3007 mesumumst.

193 3041 280 3101 Nunc
298 3043 325 3102 si
340 3043 399 3102 hee
415 3043 523 3103 omitto
543 3064 577 3103 ac
591 3045 658 3104 tum
677 3062 762 3123 agam
779 3045 831 3104 ubi
848 3042 937 3104 illinc
951 3042 1088 3122 rediero,

193 3137 244 3198 Nil
261 3140 327 3215 est3
348 3141 511 3202 refrixen't
523 3160 592 3202 res:
613 3140 706 3202 ‘nuuc
723 3142 846 3203 demrim
859 3143 971 3202 uenis?
1001 3168 1003 3174 ·
1127 3170 1153 3209 25

192 3234 277 3312 Quor
292 3237 431 3316 pessu'si
453 3240 505 3298 ubi
521 3258 591 3299 eras
599 3239 626 3298 ‘3’
650 3243 685 3299 rit
700 3241 741 3300 sit
755 3241 850 3300 satius
865 3237 1000 3320 perdere

194 3335 289 3412 Quam
304 3341 356 3395 aut
370 3338 452 3396 niune
467 3357 593 3400 manere
608 3343 671 3400 ttm
684 3338 737 3399 diu
751 3344 804 3399 unt
815 3344 880 3399 tum
891 3337 1047 3417 persequi.
1062 3347 1114 3398 23b

108 3429 155 3491 Su
192 3433 294 3493 Iamne
313 3435 500 3496 enumerasti
514 3436 546 3496 id
563 3436 646 3516 qued
660 3435 699 3498 ad
714 3442 747 3496 te
762 3434 936 3497 rediturdm
950 3432 1063 3512 putes?

796 3629 803 3662 t
