2602 3932
440 545 775 621 PROLOGVS.

191 718 336 798 Hecyrae
350 718 440 778 hntca
455 735 568 777 nomen
583 715 756 778 itbnlaest=
776 719 854 779 haec
869 721 961 798 quom
976 718 1076 782 datast

190 814 293 893 Nona,
316 817 348 876 α’
358 833 470 875 nonom
484 815 657 875 interuenit
672 816 781 875 nitinm
799 822 831 876 et
847 807 1014 897 cilamitas‚

190 912 233 975 Vt
248 914 350 991 neque
366 913 502 994 spectari
516 915 618 991 neque
634 915 779 991 cognosci
793 916 949 994 potnerit:

189 1011 234 1070 lta
250 1007 383 1090 populns
399 1007 503 1070 studio
519 1008 662 1089 sttpidas
678 1011 711 1070 in
726 1011 905 1072 fnntmbnlo

111 1127 113 1130 ·
190 1107 332 1168 Animum
349 1107 523 1187 occuparat.
550 1108 633 1168 nnnc
650 1109 728 1169 haec
742 1107 866 1189 planest
883 1113 940 1191 pro
958 1129 1053 1172 nona:
1093 1124 1109 1176 5

191 1206 274 1266 Etis
290 1207 342 1285 qni
358 1206 484 1286 scripsit
498 1206 577 1266 hinc
593 1207 632 1266 ob
651 1224 718 1266 eam
734 1225 801 1266 rem
815 1206 916 1271 noluit

190 1303 306 1365 iterim
321 1305 464 1382 referre,
484 1307 645 1365 utiterum
659 1310 766 1384 posset
781 1305 931 1384 uendere,

191 1399 256 1462 Sed
294 1428 314 1461 ss
382 1429 402 1462 ss
464 1428 485 1461 st
546 1425 565 1458 ss
631 1425 651 1458 ss
718 1430 738 1461 s
802 1431 822 1464 ss
883 1433 903 1466 s

189 1499 275 1562 Aliis
290 1501 447 1580 cognostis
461 1501 541 1560 eins:
565 1517 678 1594 quaes
692 1501 772 1560 hanc
785 1502 914 1562 noscite.

327 1656 365 1726 L.
393 1653 610 1724 AMBIVIVS
637 1652 884 1726 PROLOGVS.

191 1784 305 1846 Orttor
322 1782 360 1844 ad
375 1803 431 1844 nos
447 1785 540 1844 nenio
556 1789 666 1844 ornatu
682 1783 821 1864 prologi:

191 1882 290 1943 Sinite
309 1884 452 1943 exorator
466 1883 540 1960 sim,
561 1880 670 1942 eodem
687 1890 722 1942 nt
738 1883 807 1942 inre
823 1886 870 1942 nti
885 1901 991 1944 senem
1075 1896 1109 1948 10

189 1979 310 2059 niceto,
333 1999 393 2059 qno
407 1981 476 2040 inre
492 1998 559 2041 snm
576 1981 647 2040 nans
662 1978 902 2060 adolescentior,

189 2077 293 2138 Nonis
308 2079 361 2156 qni
377 2084 498 2138 exactas
511 2078 576 2138 ieci
589 2083 624 2138 nt
636 2079 915 2158 inueteriscerent,

188 2174 236 2236 Ne
252 2178 321 2236 crim
335 2179 426 2257 poeta
443 2180 595 2257 scriptura
611 2179 823 2238 euanesceret.
1120 2197 1133 2236 s

189 2273 224 2333 In
238 2275 301 2352 eis,
323 2293 398 2353 qnas
411 2276 544 2355 primurn
559 2273 677 2335 Caecili
692 2274 788 2335 didici
802 2295 907 2355 nonas,

188 2371 305 2432 Partim
319 2392 385 2432 snm
399 2391 504 2432 earnm
519 2377 659 2451 extctns‚
680 2375 794 2453 partim
809 2377 860 2433 nix
875 2374 959 2434 steti.
1076 2384 1108 2435 15

190 2472 267 2550 Quia
282 2473 398 2531 scibam
412 2468 535 2530 dubiam
548 2471 704 2531 fortunam
721 2489 790 2531 esse
808 2471 989 2548 scaenicam‚

190 2568 252 2649 Spe
264 2570 385 2629 incerta
399 2574 518 2629 certnm
532 2569 608 2629 mihi
623 2567 763 2628 laborem
778 2568 898 2629 sisinii.

188 2667 321 2728 Easdem
335 2671 429 2746 igere
447 2669 555 2748 coepi,
576 2673 610 2727 nt
625 2670 661 2727 to
678 2667 789 2728 eodem
807 2666 882 2727 alias
900 2664 1053 2725 discerem
1120 2683 1146 2724 so

189 2766 308 2845 Nonis,
330 2765 484 2846 studiose,
504 2767 546 2826 ne
559 2764 648 2826 illum
666 2768 703 2826 ab
721 2765 823 2826 studio
839 2763 1036 2826 abdicarem.

188 2864 313 2924 Perfeci
326 2870 362 2924 nt
376 2865 606 2946 spectarentur:
629 2865 681 2924 nbi
697 2870 769 2924 snat
780 2863 934 2943 cognitae,
1072 2871 1107 2926 20

189 2961 326 3024 Placitae'
340 2969 419 3024 sunt.
448 2963 492 3024 ita
505 2957 630 3045 poetam
644 2965 769 3024 restitui
784 2964 815 3022 in
829 2960 933 3022 locnm

187 3061 292 3142 Prope
306 3063 365 3122 itm
380 3069 532 3123 remotum
546 3063 659 3122 iniriria
674 3060 883 3122 aduorsirium
1143 3117 1146 3126 .

188 3159 237 3219 Ab
253 3158 356 3219 sitifflo
373 3167 465 3239 atque
480 3163 517 3220 ab
531 3159 639 3222 labore
653 3167 747 3240 atqne
764 3166 832 3220 arte
846 3159 971 3219 misico.
1119 3173 1144 3213 ts

189 3256 278 3333 Qnorl
296 3258 518 3338 siscriptnrcm
535 3259 722 3338 spreuissem
736 3259 769 3318 in
784 3256 960 3337 praesentia

188 3356 230 3416 Et
243 3356 276 3416 in
290 3354 481 3417 deterrendo
494 3355 660 3416 ntinissem
676 3373 800 3437 operam
814 3354 948 3427 sincere,
1071 3357 1105 3409 25

188 3452 233 3515 Vt
246 3455 279 3514 in
294 3455 357 3516 otio
373 3460 459 3515 esset
472 3455 576 3534 potins
592 3473 680 3535 qnam
696 3454 729 3513 in
743 3450 884 3530 negotio:
