2582 3932
197 871 235 964 u
271 832 970 974 rrrrumr'ramuumr

311 1097 316 1108 .
390 1031 483 1118 llll
512 1033 766 1118 Rl'llltlllllll.

505 1211 652 1222 -ι-υ-...κ-

157 1346 190 1400 Ρ.
216 1340 419 1400 TERENTIVS
441 1342 510 1398 Ater
536 1339 704 1416 Carthagine
730 1348 811 1400 natus
832 1344 949 1400 seruiuit
974 1343 1080 1400 Rornae

72 1429 203 1486 Terentio
221 1429 334 1483 Lucano
354 1426 492 1496 senatori,
515 1442 532 1482 a
552 1442 607 1498 quo
625 1430 661 1483 ob
678 1426 823 1500 ingenium
844 1433 871 1484 el
888 1429 1005 1484 lormam
1023 1443 1081 1482 non

73 1517 215 1571 institutus
232 1511 317 1568 modo
335 1510 485 1568 liberaliter
497 1509 549 1566 sed
561 1517 589 1566 et
598 1517 706 1568 mature
718 1528 802 1568 manu
813 1513 918 1568 missus
931 1517 983 1568 est.
1016 1511 1081 1579 Qui-

73 1599 139 1656 dam
156 1597 269 1668 a'aptrun
285 1612 350 1652 esse
371 1595 547 1652 existimant:
571 1595 648 1666 quod
662 1596 725 1652 lieri
747 1599 823 1654 nullo
847 1597 932 1652 modo
953 1596 1080 1667 potuisse

72 1683 232 1740 Fenestella
250 1679 344 1753 docet,
365 1697 429 1736 eum
443 1680 514 1736 inter
525 1678 611 1734 finem
623 1679 741 1736 secundi
752 1681 817 1738 belli
827 1680 924 1736 Punici
936 1686 963 1734 et
974 1680 1081 1736 initium
1092 1689 1109 1741 5

73 1769 145 1824 tertii
158 1771 241 1821 natus
252 1766 288 1820 sit
299 1769 326 1820 et
342 1770 484 1822 mortuus:
502 1779 569 1830 nee,
588 1763 613 1818 si
633 1764 790 1822 aNumidis
809 1769 856 1820 aut
870 1764 995 1820 Gaetulis
1011 1779 1081 1835 aap·

74 1859 117 1909 tus
133 1853 185 1918 sit,
198 1848 304 1906 adduci
312 1849 430 1904 Romam
439 1849 529 1920 ibique
540 1849 657 1904 uaenire
667 1849 811 1920 potuisse,
824 1850 900 1904 nullo
912 1849 1080 1904 commercio

73 1939 143 1992 inter
155 1935 266 1992 Italicas
279 1938 305 1988 et
316 1933 402 1990 Atros
416 1933 470 1990 nisi
483 1938 549 2004 post
561 1932 681 1990 deletam
694 1932 892 2006 Carthaginem
908 1938 1019 2004 coepta.

157 2019 210 2075 Hie
226 2034 290 2074 cum
306 2018 400 2074 mullis
420 2017 561 2074 nobilibus
584 2019 757 2076 familiariter
779 2019 862 2086 uixit,
886 2017 939 2074 aed
960 2018 1080 2074 maxime

73 2121 137 2162 cum
149 2103 282 2174 Scipione
293 2101 429 2156 Africano
443 2099 509 2158 etc.
520 2102 627 2170 Laelio,
640 2103 741 2174 quibus
753 2103 836 2160 etiam
848 2102 976 2173 eorporis
989 2103 1080 2175 gratia
1091 2112 1125 2164 10

72 2189 238 2245 conciliatus
258 2186 447 2252 existimatur:
472 2186 548 2257 quod
567 2191 594 2242 et
612 2187 705 2258 ipsum
721 2187 881 2244 Fenestella
901 2188 994 2259 arguit
1015 2203 1080 2242 eorr-

71 2273 190 2331 tendens
208 2278 326 2342 utroque
342 2270 478 2326 maiorem
489 2276 556 2326 natu
566 2271 671 2338 luisse,
689 2272 818 2342 quamuis
830 2277 857 2327 et
869 2270 1014 2329 Cornelius
1025 2271 1081 2326 Ne'·

70 2375 124 2430 pos
141 2357 276 2427 aequales
293 2370 392 2410 omnes
403 2356 492 2410 luisse
502 2354 595 2412 tradat
605 2360 632 2411 el
642 2355 758 2412 Parcius
770 2357 955 2428 suspitionem
967 2355 1003 2412 de
1015 2372 1080 2411 eon·

72 2441 221 2498 suetudine
232 2455 284 2511 per
294 2437 366 2494 haee
378 2440 477 2494 iaciat:

113 2525 186 2582 Dum
198 2519 490 2607 lasciniamnoblliam
503 2528 531 2578 et
540 2522 640 2580 laudea
652 2520 767 2581 fucosae
778 2524 855 2595 petit,
1095 2532 1126 2585 15

113 2610 186 2666 Dum
196 2608 320 2666 africani
332 2607 432 2664 uona'm
444 2607 570 2664 diuinam
581 2604 669 2666 inhiat
681 2607 773 2664 auidis
785 2607 911 2676 auribus,

114 2695 187 2750 Drim
199 2711 231 2750 se
243 2693 280 2749 ad
292 2693 406 2751 Furium
421 2707 523 2748 cenare
535 2698 562 2747 el
573 2691 698 2748 Lae'lium
709 2691 954 2764 pulchritunem,

112 2779 229 2835 Dimw
273 2815 547 2832 ......
591 2776 964 2848 crebroinAllrantirnrapi,

114 2863 186 2919 uum
198 2878 230 2917 se
242 2863 276 2917 ab
287 2861 333 2918 hie
344 2857 433 2918 amari
444 2861 535 2917 eredit
545 2861 580 2918 ab
593 2861 693 2918 florem
704 2856 805 2918 aetatis
816 2875 901 2918 auae:

113 2947 181 3003 Past
191 2947 308 3003 sublatis
319 2946 404 3003 rebus
416 2944 454 3002 ad
465 2961 603 3002 summam
616 2943 740 3018 inopiam
750 2942 882 3004 'redactus
892 2951 948 3002 esi.
1092 2956 1127 3009 20

113 3007 209 3100 l'taque
218 3049 236 3086 e
246 3035 401 3123 conspeetu
412 3030 535 3086 amnium
547 3031 613 3088 abiit
625 3029 771 3088 Graeciam
783 3030 812 3086 in
824 3035 927 3086 terram
937 3030 1071 3088 ultimam.

113 3116 253 3172 Mirtuoat
264 3116 293 3171 in
306 3115 468 3189 Stymphala
479 3115 621 3171 Arcadiae
632 3115 752 3186 appido:
765 3115 806 3170 nil
815 3115 930 3172 Priblius

115 3197 211 3272 Scipio
223 3200 342 3270 proluit,
355 3201 394 3255 nil
406 3200 431 3254 ei
442 3199 569 3268 Laelius,
582 3200 621 3255 nil
634 3199 745 3266 Furius,

114 3283 184 3340 Tres
195 3301 247 3355 per
259 3284 336 3340 idem
347 3284 459 3354 templis
471 3284 517 3355 qui
528 3284 671 3356 agitabant
681 3283 790 3340 nabiles
803 3279 960 3340 facillume:

112 3367 217 3426 Earum
229 3369 275 3424 illa
290 3384 377 3441 opera
387 3367 422 3424 rre'
434 3367 548 3424 domum
560 3367 673 3439 quidem
686 3365 782 3424 habuit
793 3362 1008 3434 conducticiam
1092 3377 1128 3428 aa

113 3451 220 3510 Sailtem
232 3459 261 3508 ut
272 3458 350 3510 esset
361 3451 416 3523 qua
428 3453 545 3508 referret
555 3452 660 3510 abitum
674 3451 778 3508 domini
791 3450 929 3507 seruulus.

832 3528 875 3589 l*
