2582 3932
490 257 672 300 mmmm
1056 253 1093 301 IX

89 423 165 468 mum
185 407 316 468 codicem
329 405 506 466 Bembiuum
526 422 589 466 esse
611 421 649 466 uc
669 409 755 481 loupe
771 409 911 482 plurimis
929 407 1094 484 Calliopio-

89 521 191 566 uorum
218 507 319 566 uacuis
345 503 548 578 absterrendis
573 502 729 575 suspicere,
764 503 818 563 sed
842 507 888 564 ael
913 507 956 566 sic
981 511 1095 566 restare

89 619 164 678 quac
184 618 251 662 eum
278 603 341 664 tolli
359 600 498 660 Bembiui
520 613 575 674 ope
601 612 761 674 nequeam,
787 603 868 660 ultra
893 603 980 662 buius
1004 604 1095 675 uelem

87 701 303 777 procreareudi
321 706 349 759 et
371 701 476 759 salutis
495 701 703 759 e'comecturo
726 701 874 774 petendae
895 703 1094 760 necessitatem

89 802 255 858 moustreut.
271 799 341 857 biuc
356 799 448 872 ipitur
461 795 616 871 profectus
635 803 664 856 et
675 798 707 854 iu
723 799 871 856 auuilium
885 797 1023 858 adhibitis
1036 815 1095 858 uou

89 897 181 955 solum
202 900 330 954 aeterum
352 895 546 967 serium,
574 893 711 966 inprimis
727 895 991 966 praumaticorum
1010 898 1095 955 testi-

89 995 193 1054 moniis
213 994 250 1052 cle
270 995 369 1052 multis
389 993 497 1050 aarum
515 990 692 1062 fabularum
713 991 857 1064 uersibus,
879 991 1040 1051 sedetiam
1053 995 1096 1052 eis

90 1108 165 1167 quae
174 1093 294 1166 priores
314 1090 442 1149 editores
455 1090 567 1162 aliique
581 1087 713 1148 bomiues
723 1088 803 1148 docti
812 1088 855 1147 ad
863 1089 983 1149 casalem
991 1106 1094 1151 emcu-

90 1190 210 1249 aaudas
231 1189 303 1247 clota
328 1203 421 1262 opera
448 1189 702 1260 excopitaoeruut,
729 1186 825 1246 uerbis
838 1189 947 1262 poitae
967 1190 1094 1262 iutepri-

90 1292 177 1345 totem
198 1290 339 1359 quartum
354 1285 443 1359 potui
461 1285 615 1344 restituere
628 1286 750 1342 coriatus
763 1299 837 1342 sum.
859 1301 916 1358 quo
935 1287 967 1345 iu
982 1289 1095 1360 nepotio

89 1399 164 1444 uooa
184 1383 316 1442 subsidia
338 1383 397 1442 uisi
411 1396 488 1456 quae
507 1381 639 1440 omuibus
657 1387 796 1455 paterent
814 1383 889 1442 mibi
903 1389 1024 1457 praesto
1036 1399 1095 1444 uou

88 1481 214 1553 fueruat
228 1481 354 1554 praeter
374 1495 465 1538 uuum
485 1481 652 1556 cuempiam
670 1479 806 1539 editionis
826 1486 951 1542 curatae
972 1482 1009 1541 ab
1027 1480 1095 1541 Au-

90 1580 166 1637 touia
179 1577 314 1636 occeano
324 1575 479 1650 (Lupduui
490 1574 575 1650 apud
583 1574 647 1634 Seb.
660 1575 823 1652 Gryphium
833 1593 863 1635 a.
871 1578 1094 1648 MDXXXXI)

90 1676 279 1736 adservatum
299 1673 378 1734 illud
397 1675 429 1733 iu
451 1673 622 1733 bibliotheca
641 1675 728 1746 reaia
742 1674 919 1757 Mouaccusi
933 1679 1094 1750 (sipuatum

90 1773 126 1830 Α.
140 1773 206 1832 Lot.
226 1789 255 1832 a.
278 1769 362 1844 290),
385 1773 470 1832 cuius
491 1769 675 1844 marpiuibus
696 1770 802 1829 Petrus
827 1771 973 1831 Victorius
992 1775 1094 1848 scrip—

89 1876 174 1928 turas
187 1869 383 1942 conplurium
396 1867 547 1939 librorum,
561 1869 593 1926 iu
606 1868 649 1926 eis
661 1865 800 1926 Bembiui
809 1870 999 1944 ascripserat,
1015 1870 1095 1929 uuile

89 1969 202 2040 aliquot
220 1968 291 2026 locis
305 1967 343 2024 cle
360 1967 484 2024 lectione
502 1965 590 2024 buius
608 1965 712 2040 optimi
725 1965 796 2025 libri
809 1982 886 2040 quae
900 1969 1022 2028 aliuucle
1036 1984 1093 2028 uou

88 2069 155 2124 erat
174 2069 244 2122 uoto
265 2063 374 2122 certior
391 2061 494 2133 suctus
514 2077 587 2150 sum.

174 2161 235 2220 Pro
253 2159 454 2232 fundamento
466 2159 554 2218 auitas
569 2161 762 2232 recensionis,
784 2165 818 2219 ut
825 2176 890 2236 par
903 2166 983 2234 erat,
1005 2161 1096 2222 babai

88 2257 221 2318 Ricarbi
232 2255 351 2316 Beutlei
368 2257 524 2315 eclitioucm
544 2258 671 2316 alteram
693 2272 770 2332 puae
786 2255 997 2318 Amuelodami
1016 2275 1095 2319 auuo

88 2354 266 2414 uuum
272 2353 336 2414 VII
359 2354 490 2428 prodiit:
518 2369 537 2410 a
563 2354 649 2412 euius
676 2357 812 2428 exemplo
837 2355 890 2414 ubi
912 2359 1095 2416 recessissem

88 2453 203 2514 additis
220 2451 389 2512 auctoribus
402 2455 456 2510 out
473 2451 616 2518 librorum
630 2455 808 2526 scriptorum
822 2455 964 2514 memoria
985 2460 1038 2514 out
1053 2457 1095 2516 eis

88 2549 254 2610 homiuibus
279 2549 372 2608 doctis
398 2551 451 2622 aui
472 2549 591 2608 illorum
619 2551 806 2624 corruptelas
832 2550 903 2610 beue
924 2552 1095 2612 emendasse

88 2648 262 2706 uiderentur
280 2647 313 2705 iu
333 2646 393 2706 boo
407 2644 601 2722 praefatione
620 2662 769 2721 expauere
789 2649 1014 2719 coustitueram;
1040 2665 1094 2708 ue-

87 2760 156 2804 rum
176 2757 247 2802 arou
264 2744 398 2804 iutelleui
415 2742 475 2802 bae
492 2745 607 2803 ratione
621 2747 752 2818 peracto
767 2742 838 2815 sore
851 2751 884 2804 ut
896 2747 985 2806 multo
998 2748 1095 2806 maius

87 2843 219 2916 spatium
239 2842 403 2915 iupleretur
422 2853 512 2915 quum
533 2835 583 2900 bis
601 2841 716 2901 cbartis
734 2857 902 2904 corocessum
923 2849 1009 2917 esset,
1031 2847 1094 2904 ita-

87 2959 144 3016 que
163 2944 216 3002 illo
234 2942 355 3002 coasilio
377 2942 487 3002 abiecto
503 2957 565 3001 uua
585 2957 652 3005 cum
672 2943 731 3002 buc
745 2945 887 3003 maiorem
908 2945 1016 3004 barum
1033 2945 1093 3018 sa-

87 3043 227 3101 bularum
241 3041 398 3102 editiouem
409 3043 524 3117 paraui
536 3043 611 3102 iusto
625 3048 778 3117 apparatu
795 3045 897 3104 critico
911 3044 1092 3118 obstructam,

87 3155 179 3212 quum
198 3154 269 3198 utcu
289 3141 321 3199 iu
337 3139 494 3214 publicum
511 3141 640 3215 prodire
655 3155 745 3215 posse
766 3157 862 3216 spero.
883 3142 953 3203 buic
973 3144 1096 3204 editioui

87 3237 175 3311 iufra
196 3237 311 3297 audam
332 3239 563 3312 discrepantiam
581 3240 750 3314 scripturae
770 3238 967 3300 Beutleiauae
987 3242 1093 3313 adieci,

88 3338 168 3396 uuae
187 3338 276 3411 quasi
294 3353 352 3396 uuo
372 3343 528 3413 conspectu
548 3339 676 3398 eluceret
694 3344 818 3412 quartos
839 3341 919 3397 iutra
937 3345 1052 3399 comtum
1066 3345 1095 3398 ct

88 3436 211 3506 tripertio
244 3449 339 3492 ouuos
364 3435 451 3493 crisis
480 3432 660 3493 Tereutioua
684 3436 732 3493 uel
754 3439 826 3508 post
848 3435 953 3507 mapui
977 3433 1096 3494 Bcullei

88 3535 258 3609 exemplum
284 3531 430 3606 effecr'sset
450 3549 617 3608 processus.
649 3534 757 3592 seclusi
780 3531 852 3590 iude
883 3544 996 3588 omucm
1027 3543 1092 3587 eam
