2602 3932
93 261 297 316 111211-34
508 248 675 312 HEGYRA.
1035 249 1097 314 255

94 439 144 500 So.
189 435 271 515 Quid
285 425 355 498 aiei
377 455 416 496 au
430 435 518 495 uenit
531 433 731 514 Pimphilua?
751 434 829 496 Pau.
845 435 950 497 Venit.
972 434 1023 496 Su.
1042 435 1097 495 Dia

139 515 145 528 ⁶
545 534 673 611 gratiam
688 533 796 595 habeo.

188 634 280 712 Hem,
294 633 374 694 istie
387 631 485 691 uerbo
501 631 619 690 animur
631 631 708 691 mihi
718 629 804 690 redit
818 637 851 690 et
865 631 939 690 cira
950 649 989 690 ex
1000 628 1096 690 corde

235 732 237 736 ’
546 729 689 789 excessit.

13 817 14 844 ³
92 832 170 894 Pan.
186 831 249 891 lam
265 833 300 889 et
315 834 348 888 te
363 847 454 889 cauea
466 831 605 888 minume
620 846 701 887 nune
718 826 780 885 hiae
795 826 943 888 introire
960 821 1048 884 nilo:

186 927 263 990 Nam
279 930 307 988 ai
321 927 483 987 remittent
498 925 654 1007 quidpiam
667 923 871 985 Philumenae
887 920 1024 1001 doleres,

188 1027 317 1086 Omnem
332 1044 398 1085 rem
412 1026 567 1103 narrabit,
587 1023 668 1102 acio,
690 1024 834 1083 continuo
850 1019 915 1082 nola
929 1020 999 1100 sili,
1046 1031 1135 1085 35015

188 1127 272 1204 Quae
293 1124 377 1184 inter
398 1141 455 1184 uos
473 1121 697 1200 interemerit,
722 1119 805 1180 unde
825 1123 957 1179 intumet
974 1119 1097 1180 initium

544 1224 618 1281 irae.
972 1277 975 1282 .

187 1321 290 1402 Atque
305 1319 410 1379 eccum
424 1317 516 1380 uideo
531 1321 632 1400 ipsum
645 1316 768 1397 egredi:
786 1337 875 1397 quam
891 1318 1021 1379 tristist!
1043 1317 1094 1378 So.

110 1471 112 1474 .
541 1417 568 1476 0
583 1418 626 1477 mi
642 1420 742 1494 gnate.

91 1518 169 1580 Pam.
186 1515 258 1576 Mea
268 1520 379 1593 miter,
393 1512 488 1601 aalue.
516 1515 567 1575 So.
576 1513 704 1574 Gaudeo
716 1515 839 1574 uenisse
850 1513 978 1576 saluom.
990 1515 1096 1576 atluan

184 1613 419 1675 Philrimenasti
444 1611 525 1674 Pau·
544 1608 770 1672 Meliiiseulast.
802 1610 853 1673 So.
870 1612 996 1674 Vtinam
1017 1617 1095 1675 istuc

367 1773 369 1777 ,
543 1710 588 1770 ita
604 1709 635 1769 di
653 1709 760 1770 itxint.

186 1809 267 1890 Quid
287 1809 436 1888 inigitur
457 1807 632 1868 lacrumas?
659 1810 711 1868 aut
736 1806 810 1886 quid
833 1826 866 1868 es
887 1815 949 1869 tam
971 1811 1092 1872 tristia?
1105 1825 1131 1866 ιο

539 1904 619 1966 Pau.
636 1904 750 1983 Recte,
770 1909 877 1966 mater.
1042 1917 1093 1971 355

90 2005 140 2067 So.
186 2002 267 2081 Quid
288 2003 348 2063 fuit
367 2000 512 2063 tumulti?
540 2001 591 2062 die
612 2004 703 2062 mihi:
732 2022 770 2062 an
788 2001 877 2062 doltr
897 2009 1029 2083 repente
1046 2005 1094 2066 in-

541 2101 643 2160 nisit?

89 2200 168 2262 Pam.
185 2200 230 2260 lta
243 2197 394 2261 itetumat.
419 2197 470 2260 So.
488 2196 570 2276 Quid
585 2198 685 2258 morbi
703 2197 772 2257 eat?
797 2196 878 2259 Ριιι.
894 2197 1016 2261 Febris.
1040 2198 1091 2262 So.

542 2297 726 2359 Cotidiana?
747 2298 827 2360 Pan.
843 2298 889 2358 Ita
902 2301 996 2360 tiunt.

184 2398 198 2458 1
212 2396 302 2458 rides
316 2397 411 2476 intro,
427 2400 600 2477 cinsequar
613 2399 674 2458 iam
687 2399 731 2475 te,
746 2417 813 2458 mea
827 2405 936 2458 mater.
954 2399 1091 2463 SuFiat.

87 2501 168 2562 Pau.
183 2497 233 2558 'l'u
246 2498 354 2578 prieris
369 2518 479 2577 curre,
499 2498 669 2576 Ptrmeno,
693 2499 814 2558 obuiam
829 2503 921 2578 itque
937 2500 982 2560 eis
998 2519 1093 2561 onera

539 2597 652 2659 adirita.

86 2699 166 2759 Pan.
183 2695 286 2774 Quid?
314 2699 376 2756 nin
397 2697 498 2757 reiunt
518 2699 579 2779 ipsi
598 2700 693 2776 uiam,
722 2697 844 2758 domim
865 2718 924 2777 qua
944 2699 1132 2762 uenientia

542 2799 621 2861 Pan.
638 2799 771 2860 cessas?
1042 2811 1094 2867 360

183 2897 310 2977 Ne'queo
327 2916 464 2958 mearum
479 2899 583 2960 rerum
603 2901 726 2961 initium
743 2899 841 2962 ullum
862 2904 1004 2964 inuenire
1019 2902 1160 2964 ida-111³

543 3015 646 3076 neum,

185 3074 276 3151 Vnde
303 3090 447 3154 exorditr
472 3111 619 3171 narrare,
655 3096 733 3173 quae
758 3115 818 3157 nee
846 3099 985 3179 opinanti
1012 3099 1092 3158 icci-

546 3192 641 3269 dunt3

184 3287 301 3349 Partim
317 3308 395 3368 quae
410 3292 555 3370 perspexi
571 3292 619 3352 his
634 3291 749 3370 oeulis,
764 3295 877 3372 partim
891 3312 969 3372 quae
985 3291 1091 3370 accepi

545 3391 684 3450 arii-ibus:

186 3481 316 3558 Quane
331 3489 461 3564 propter
476 3487 678 3546 exanimatum
692 3487 784 3559 ¹citius
801 3484 892 3545 eduxi
905 3487 998 3544 iuras.
