2582 3932
192 243 213 304 6
511 238 619 300 vlrn
651 237 879 300 TERENTH.

237 413 269 469 In
279 413 404 469 medium
414 413 495 468 nobis
509 410 614 468 sedatis
626 409 743 467 uocibus
755 412 847 467 solers

239 497 379 570 Quicquid
391 513 470 552 come
482 498 600 568 loquens
612 501 693 567 atquc
706 495 799 550 omnia
812 493 905 558 dulcio
919 492 1027 550 dicens.

196 581 264 636 ltern
277 581 307 638 C.
321 580 441 638 Caesar:

239 665 281 722 Tu
292 682 416 740 quoque!
432 670 462 720 tu
472 665 501 719 in
514 665 644 732 summis,
658 680 674 718 o
688 662 832 719 dimidiato
843 660 1007 729 Menander,

169 757 187 808 5
239 751 356 806 Poneris
369 756 397 804 et
407 749 521 816 rnerito,
533 748 597 820 puri
610 747 749 803 sermonis
760 751 878 802 emulor.

239 835 361 891 Lenibus
373 839 455 904 atque
467 833 573 888 utinam
585 832 696 903 scriptis
709 830 841 887 adiuncta
853 830 924 885 loret
934 829 988 898 uis,

241 917 354 974 Gcmics
364 923 394 973 ut
405 922 523 987 aequato
536 916 625 972 uirtus
639 916 758 987 polleret
768 913 876 970 honore
972 953 974 956 -

241 1001 309 1058 eum
321 1001 445 1068 Graecis,
458 1015 550 1071 neque
561 1001 591 1054 in
602 999 657 1056 hac
670 998 820 1071 despectus
831 1005 911 1070 perte
924 998 1050 1056 iaceres:

239 1086 333 1141 Vnum
344 1084 399 1142 hoc
410 1099 539 1140 maceror
550 1089 577 1138 et
589 1083 671 1140 doleo
682 1085 730 1140 tibi
743 1083 861 1152 deesse,
873 1083 995 1139 Terenti.

411 1236 706 1294 ADDITAMENTVM
726 1237 822 1293 AELII
841 1235 987 1294 DONATI.

279 1349 356 1406 llaec
372 1349 523 1407 Suetonius
534 1349 723 1421 Tranquillus.
758 1349 830 1405 Nam
848 1348 920 1405 duos
938 1348 1083 1406 Terentios
1103 1356 1205 1423 poetas

198 1434 285 1490 luisse
298 1434 393 1490 scribit
404 1435 522 1502 Metius,
542 1450 661 1506 quorum
678 1434 747 1489 alter
760 1434 946 1506 Fregellanus
963 1435 1045 1490 luerit
1056 1434 1205 1492 Terentius

197 1519 281 1587 Libo,
301 1520 370 1574 alter
383 1519 528 1575 libertinus
543 1518 690 1574 Terentius
701 1518 771 1574 Alcr
781 1523 887 1590 patria,
908 1517 943 1574 de
962 1534 1016 1590 quo
1029 1535 1103 1576 nunc
1116 1521 1205 1592 loqui-

181 1597 269 1657 mur.
311 1601 453 1675 Scipionis
471 1603 581 1659 tabulas
597 1601 722 1659 edidisse
739 1602 900 1658 Terentium
916 1603 1035 1675 Valgius
1051 1604 1082 1659 In
1103 1607 1206 1660 Actae·

155 1691 256 1744 loono
270 1687 322 1743 ait:

243 1771 318 1828 lune
330 1769 402 1844 quad
416 1775 553 1827 uocantur
565 1768 676 1828 fibulae
689 1769 806 1827 eulaeus
818 1767 902 1826 sunt?

240 1855 298 1910 Nor
313 1853 365 1910 ha's
378 1856 424 1926 qui
436 1856 498 1910 iura
509 1855 624 1927 Poplius·
637 1853 722 1910 dabat
731 1853 859 1928 gentibus

239 1939 352 1994 Honore
364 1955 474 1994 summo
488 1937 615 1996 adle'ctus
629 1939 695 1995 lecit
704 1935 834 1996 tibulus?

198 2023 275 2078 Duae
293 2024 328 2078 ab
345 2021 519 2094 Apollodoro
542 2024 696 2080 translatae
714 2039 778 2078 esse
791 2021 921 2079 dicuntur
932 2023 1054 2091 comico,
1072 2023 1205 2080 Phormio

155 2111 190 2163 20
201 2110 228 2160 et
242 2105 371 2178 Hecyra:
390 2112 518 2178 quattuor
535 2107 662 2179 reliquae
684 2123 701 2162 a
716 2105 884 2162 Menandro.
916 2107 959 2162 Ex
976 2108 1077 2180 quibus
1100 2123 1205 2180 magno
1278 2119 1279 2186 j

201 2205 337 2247 successu
348 2195 375 2245 et
386 2191 476 2263 pretio
492 2192 566 2247 stetit
575 2191 729 2248 Eunuchus
742 2191 848 2247 tabula:
866 2191 978 2265 Hecyra
990 2206 1076 2264 saepe
1088 2194 1205 2248 exclusa

200 2274 249 2360 uix
259 2279 322 2332 octa
333 2281 386 2330 est.
