2582 3932
192 247 234 313 48
592 243 797 308 ANDRIA.
1035 248 1208 302 wal-m

448 415 580 477 tisino.
622 416 756 477 Mssss.
801 414 941 478 lissos.

124 583 183 636 {vo
196 570 252 631 Cn.
279 567 313 629 ln
333 569 391 629 heo
412 563 693 649 habitasse'plttes
714 566 859 629 dictumst
881 567 1075 650 Chrysidem,

278 668 363 744 Quae
384 668 454 728 sese
475 668 641 728 inhoneste
658 667 777 747 opttuit
794 685 907 748 parere
929 668 981 728 hio
1002 667 1093 728 ditias

277 764 386 826 Pothis
407 784 496 845 quam
516 765 551 824 in
571 764 674 845 patria
694 763 827 823 honeste
846 783 965 845 pauper
986 767 1124 826 uiueret:

276 865 351 924 Eius
372 867 474 924 merto
495 881 531 923 ea
553 861 591 920 ad
612 859 752 939 melego
774 859 938 923 redierimt
951 863 1049 925 hona.
1153 868 1207 927 799

165 977 178 1022 t
279 960 344 1023 Sed
367 962 441 1040 ques
462 966 631 1041 perconter
652 955 753 1017 uideo.
790 956 921 1019 salnete.
957 960 1021 1020 Ms.
1054 944 1205 1040 Obsecro,

280 1062 378 1138 Quem
398 1057 513 1119 uideo?
535 1064 624 1118 estne
646 1058 698 1117 hio
721 1057 809 1118 crito
831 1060 974 1119 sohrinns
996 1057 1183 1141 Chrysidis?

277 1159 306 1220 Is
327 1159 386 1219 est.
418 1158 472 1218 Gn.
496 1156 655 1237 0Mysis,
677 1153 775 1216 selue.
805 1156 870 1217 Mn.
894 1154 1003 1218 Soluos
1019 1162 1080 1236 sis,
1102 1159 1203 1220 Crito.

194 1260 249 1321 Cn.
277 1259 344 1318 Itan
366 1257 518 1337 Chrysis?
543 1257 624 1316 hem.
656 1254 721 1316 Ms.
751 1255 814 1315 Nos
844 1256 967 1335 quidem
992 1257 1047 1340 pol
1073 1261 1203 1320 miseras

650 1353 797 1435 perdidit.

196 1458 250 1519 Gn.
279 1454 362 1533 Quid
376 1454 454 1515 nesi
476 1473 535 1534 quo
549 1459 640 1534 paeto
656 1452 730 1513 hio?
748 1455 848 1515 sttine
863 1455 975 1515 reete?
997 1455 1062 1516 Μιι.
1077 1453 1205 1516 Nesne‘t

651 1551 694 1612 sio
1152 1563 1206 1617 804

153 1676 178 1718 ao
280 1651 323 1714 Vt
345 1651 480 1730 patmus,
504 1650 606 1728 munt,
635 1647 756 1729 qutndo
774 1655 809 1709 ut
829 1647 970 1711 uolumus
990 1653 1053 1711 nen
1073 1650 1160 1713 licet.

194 1750 250 1810 (in.
277 1745 357 1823 Quid
380 1744 583 1827 Glycerium?
603 1748 663 1806 iam
683 1748 735 1807 hio
756 1749 827 1808 sues
848 1750 987 1827 parentis
1017 1749 1181 1829 repperiti

192 1843 257 1908 Μι.
277 1847 412 1909 Vtinam.
448 1845 505 1906 Gn.
535 1828 583 1904 dn
610 1863 673 1904 non
701 1843 773 1905 dum
796 1845 911 1905 etiami
938 1844 1021 1906 hand
1043 1848 1204 1928 adspioato

644 1943 705 2003 huo
727 1961 777 2002 me
799 1940 904 2002 tttuli=

158 2081 164 2090 ·
279 2041 355 2101 Nam
383 2037 453 2121 pel,
479 2040 506 2099 si
531 2038 566 2099 id
582 2040 725 2118 scissem,
752 2041 916 2118 nsimquom
943 2040 1004 2100 huo
1028 2038 1204 2102 tetulissem

647 2138 776 2221 pedems

279 2236 409 2319 Semper
432 2239 514 2298 enim
537 2236 650 2298 dictast
665 2239 733 2298 esse
747 2239 824 2300 haec
841 2225 933 2318 atqne
948 2240 1083 2300 hahittst
1095 2258 1205 2299 soror:
1277 2289 1278 2319 3

280 2336 365 2412 Quae
386 2333 473 2396 illius
490 2336 633 2414 fuerunt,
654 2336 810 2416 pessidet:
831 2357 914 2398 nuno
935 2356 984 2398 me
1004 2337 1160 2418 hespitem

278 2435 357 2496 Litis
377 2435 480 2513 sequi,
503 2455 592 2514 quam
612 2433 646 2495 id
666 2436 741 2495 mihi
763 2437 804 2497 sit
821 2433 915 2498 facile
929 2442 1023 2516 atque
1037 2433 1128 2515 attile,
1151 2443 1203 2498 811
1276 2459 1277 2503 ι

277 2530 419 2594 Alienum
442 2530 582 2614 exempla
603 2528 813 2594 oo'inmonenta
836 2530 927 2594 simul
948 2534 1095 2611 tabitam,

276 2632 338 2691 lam
354 2629 487 2711 aliquem
502 2632 570 2691 esse
586 2631 713 2691 amioum
729 2636 761 2691 et
776 2629 973 2692 defensorem
988 2631 1033 2691 eia
1048 2634 1120 2693 nem
1132 2630 1204 2692 fere
1275 2642 1276 2666 ³

278 2727 467 2790 Grandienls
486 2729 546 2788 ism
566 2729 738 2809 profectost
754 2726 853 2788 illino.
886 2728 1044 2790 oltmitent
1274 2801 1275 2806 η

151 2841 177 2884 so
278 2824 333 2886 Me
354 2826 589 2907 sycophantam,
611 2823 818 2887 hereditatem
839 2829 987 2908 persequi
1151 2835 1204 2890 815
1274 2813 1275 2816 ¹

275 2925 469 2985 Mendioam:
492 2930 557 2983 tum
576 2925 674 3004 ipsam
696 2923 872 3006 despoliare
889 2928 953 2987 nen
970 2924 1067 2986 lubet.
1273 2985 1274 2988 ,

192 3023 259 3084 Mt.
281 3022 308 3082 0
329 3024 453 3103 eptnme
472 3021 604 3101 hospes,
625 3020 680 3103 pel
702 3021 790 3083 Crito
812 3025 970 3103 antiquom
991 3023 1123 3084 ehtines.
1259 3007 1274 3054 *i

193 3118 249 3180 Gn.
274 3119 341 3178 Duo
362 3136 411 3178 me
432 3115 471 3177 td
488 3136 571 3197 eom,
595 3119 715 3199 quando
736 3121 797 3181 hnc
817 3121 909 3200 ueni,
931 3126 966 3181 ut
979 3118 1110 3180 uideam.
1134 3118 1201 3180 Μι.
1270 3157 1273 3236 p

642 3217 795 3277 deume.

193 3310 250 3372 Da.
277 3311 395 3391 Sequar
416 3313 489 3373 hes:
510 3332 559 3374 me
580 3313 654 3374 nolo
676 3317 710 3375 in
730 3317 873 3397 temporo
893 3317 953 3377 hoo
974 3314 1080 3378 uideet
1094 3334 1201 3377 senex.
