2602 3932
123 219 174 274 [13
189 223 304 275 31-34
529 215 707 278 mortiflo,
989 288 992 295 ,
1053 220 1115 284 201

204 379 407 461 Adulescens,
424 383 556 463 primum
571 386 624 446 ets
640 391 673 446 te
688 385 747 446 hdo
763 386 844 445 boue
860 385 951 446 uenit
968 392 1053 467 peto,

204 480 237 540 Si
252 481 310 541 tibi
326 479 450 561 plaeere
464 483 546 562 petis
561 489 619 561 est,
638 484 680 544 mi
694 489 729 544 ut
742 482 946 564 respdudeus:

204 582 303 658 Quem
313 582 442 640 antrum
453 587 537 640 tuum
549 583 592 640 sis
602 580 698 640 fuisse
708 581 811 660 istum,
824 579 951 661 eupiunt
961 581 1048 658 mihi,
1063 591 1115 646 330

203 676 245 735 Et
259 676 312 753 qui
327 679 488 753 ooguotum
503 678 552 736 me
570 677 630 736 sibi
643 695 713 738 esse
727 676 855 742 diceret.

118 773 176 836 Pu.
204 771 342 833 Proinde
364 774 523 853 expirare
545 775 629 852 quesi
656 793 720 835 uou
741 793 857 839 nosses.
884 775 941 841 Du.
965 776 1114 836 Nessemi
1127 789 1153 834 tu

565 872 623 934 Pu.
638 873 694 936 its

118 967 174 1030 Du.
202 968 268 1047 Ego
283 969 332 1028 me
348 986 442 1047 uego:
462 975 496 1030 tu
512 971 564 1048 qui
576 971 620 1030 sis
635 969 742 1050 redige
759 971 793 1030 iu
806 971 994 1032 memorium.

118 1064 175 1128 Pu.
203 1066 272 1125 Eho
288 1071 332 1142 tui,
345 1067 505 1126 sobriuum
519 1069 603 1127 wem
618 1086 680 1126 uon
695 1069 808 1127 noros?
830 1068 885 1130 Du.
901 1051 1021 1129 Enicas.

201 1161 258 1224 Dio
278 1165 398 1226 nemen.
432 1163 489 1226 Pu.
511 1163 653 1224 Nomen?
674 1167 820 1227 mtxume.
849 1164 905 1227 Du.
931 1161 1012 1242 Quid
1031 1165 1113 1223 niue

561 1261 669 1322 teceri
1062 1270 1113 1326 385

116 1357 175 1420 Pu.
202 1355 288 1418 Perii
300 1357 417 1436 hercle,
432 1351 545 1419 nomeu
554 1357 687 1439 perdidi.
708 1358 763 1421 us.
777 1357 868 1434 Hem,
884 1356 957 1437 quid
968 1348 1038 1418 uisi
1053 1357 1111 1420 Pru.

561 1457 652 1533 Geta,

201 1553 234 1614 Si
247 1553 415 1613 meministi
428 1551 462 1612 id
479 1551 563 1631 quod
577 1551 651 1614 olim
668 1552 823 1631 dictumst,
839 1551 954 1613 sdbioe.
973 1552 1055 1629 hem,
1127 1569 1153 1611 to

199 1650 268 1710 Nou
283 1648 366 1709 dieo:
388 1650 475 1728 qussi
488 1668 552 1708 non
567 1649 663 1726 neris,
678 1655 860 1728 temptutum
875 1646 1011 1711 tdueuis.

116 1749 172 1810 Du.
200 1749 308 1827 Egone
328 1748 430 1808 mitem
452 1748 593 1828 tempto?
620 1749 677 1810 (iu.
692 1745 803 1827 Stilpo.
836 1748 893 1811 Pru.
911 1750 1014 1827 Atque
1036 1748 1112 1808 odeo

565 1845 639 1926 quid
654 1845 744 1906 meu?

201 1941 339 2022 Stilpdst.
361 1942 419 2006 Dm
432 1947 531 2023 Quem
546 1943 645 2006 dixti?
662 1944 718 2008 Pu.
732 1941 906 2024 Stsspouem
919 1942 1045 2022 inquom
1058 1945 1113 2002 uo-

563 2044 662 2106 uerts.
1061 2050 1113 2105 390

114 2139 171 2203 Du.
193 2135 304 2219 Neque
322 2139 378 2218 ego
393 2137 482 2202 illum
497 2161 604 2202 nouum
618 2145 720 2220 seque
734 2143 777 2202 mi
793 2141 939 2219 coguutuis
954 2139 1014 2200 tuit

199 2237 365 2317 Quisquam
383 2241 463 2299 istos
482 2241 615 2302 nomine.
648 2241 706 2303 Pu.
727 2226 837 2301 itone?
861 2258 925 2298 uon
945 2243 978 2298 te
1000 2238 1112 2297 horim
1124 2255 1150 2296 su

560 2335 680 2418 pudet?

197 2435 239 2493 At
254 2436 282 2493 si
295 2431 444 2493 tuleutum
459 2434 525 2494 rem
539 2433 721 2513 reliquisset
737 2433 855 2510 decem,

112 2532 168 2594 Du.
194 2532 234 2591 Di
247 2532 305 2592 tibi
318 2528 399 2592 mule
412 2531 536 2594 fuottut.
557 2532 615 2593 Pru.
631 2534 748 2611 primus
763 2549 849 2592 moos
864 2530 1043 2591 memoriter

196 2632 381 2710 Progeniem
402 2635 537 2690 uostrum
558 2648 656 2709 usque
677 2630 715 2690 tu
736 2648 793 2690 ouo
814 2636 906 2707 utque
929 2635 1019 2688 utsuo
1038 2631 1111 2709 prd-

563 2730 679 2792 fereus.
1059 2738 1110 2792 395

111 2831 168 2892 us.
194 2829 239 2889 ltu
253 2835 289 2888 ut
304 2827 389 2891 dieis.
411 2847 470 2906 ego
485 2834 550 2889 tum
564 2847 656 2908 quom
672 2825 877 2904 tdueuisuem,
894 2829 948 2906 qui
961 2827 1037 2887 mihi

196 2927 333 3004 Coguttu
348 2945 385 2986 eu
400 2932 493 3005 esset,
510 2925 661 2987 dicerem:
682 2924 792 2985 itidem
806 2925 840 2984 tir
856 2924 937 2985 ioue:
1123 2938 1149 2980 oo

197 3022 283 3084 Cedo
305 3025 357 3102 qui
380 3025 428 3084 est
447 3024 599 3102 eoguotsi
627 3024 684 3084 Gs.
699 3022 748 3084 Eu
769 3025 893 3101 uester,
910 3030 1012 3084 recte:
1032 3023 1110 3084 heus

564 3123 610 3199 tt,
626 3139 710 3184 etue.

111 3221 168 3284 Pu.
194 3217 339 3280 Dihioide
354 3217 499 3300 expediui
514 3221 624 3298 quibus
640 3237 689 3279 me
703 3219 842 3298 oportuit

195 3316 365 3378 iudicibusz
385 3323 451 3376 tuum
464 3315 498 3376 id
512 3317 539 3376 si
552 3315 663 3377 itlsum
678 3315 790 3393 iuerat,
807 3313 893 3374 fflius
1058 3321 1110 3376 too

201 3417 281 3494 Quor
295 3416 357 3473 udu
370 3410 514 3473 refellit?
533 3414 589 3477 Du.
605 3414 720 3476 Filium
733 3418 841 3474 uourts
852 3413 952 3473 mihi?
