2582 3932
205 235 227 293 4
525 227 634 290 vlra
669 227 898 292 TERENTII.

153 409 196 473 (Ἰ)
292 401 411 476 Scripsit
431 401 595 458 comoedias
614 419 681 472 sex,
698 420 735 458 ex
753 405 853 475 quibus
869 403 989 474 primam
999 403 1137 460 Andriam
1155 422 1220 462 cum

208 487 346 544 aedilibus
365 487 458 556 daret,
477 488 570 543 iussus
589 493 652 542 ante
666 486 784 543 Caecilio
803 489 921 543 recitare
938 485 977 542 ad
993 496 1141 546 cenantem
1155 507 1219 546 cum

208 572 347 641 uenisset,
367 571 457 628 dietus
469 577 513 626 est
523 571 631 626 initium
643 571 757 642 quidem
774 572 901 640 labulae,
919 571 995 643 quod
1006 579 1066 628 erat
1077 580 1218 646 contemp

207 657 278 713 tiore
297 657 417 724 uestitu,
444 656 578 712 subsellio
602 656 679 711 iuxta
701 657 832 712 lectulum
855 653 986 712 residens
1011 657 1133 729 legisse,
1154 666 1220 730 post

179 756 313 813 5pauoos
326 756 392 796 uero
405 753 506 796 uersus
518 739 650 796 inuitatus
661 746 692 795 ut
702 739 881 796 adcumberet
892 756 1012 796 cenasse
1024 757 1097 810 una,
1114 741 1219 797 deinde

208 831 301 881 cetera
322 824 500 896 percurrisse
522 839 580 880 non
602 825 663 880 sine
685 840 788 896 magna
813 823 924 882 Caecili
947 824 1143 882 admiratione.
1184 827 1220 882 Et
1279 855 1280 896 t

206 909 280 966 hanc
306 915 399 965 autem
424 912 451 962 et
477 908 600 981 quinque
625 908 749 979 reliquas
773 911 927 980 aequaliter
948 909 1053 982 populo
1076 911 1218 982 probauit.

207 992 342 1060 Quamuis
353 993 499 1048 Volcatius
515 991 550 1048 de
563 993 772 1048 enmnerationc
786 993 909 1048 omnium
924 993 962 1047 ita
974 993 1092 1050 scribat:
1279 1009 1280 1080 p

250 1075 380 1134 Sume'tur
393 1093 429 1132 ex
441 1076 487 1132 his
498 1075 611 1148 He'epra
624 1081 703 1132 sexta
715 1075 818 1133 labus.

163 1170 197 1222 10
205 1159 358 1216 Eunuchus
377 1159 490 1233 quidem
505 1161 549 1216 bis
570 1200 578 1215 .
598 1199 607 1216 .
629 1167 691 1216 acta
708 1167 753 1216 est
763 1161 919 1232 meruitque
930 1161 1065 1232 pretium,
1083 1169 1218 1234 quantum

207 1245 283 1300 nulla
294 1249 377 1300 antea
389 1245 554 1316 cuiusquam
565 1245 729 1314 comoedia,
746 1243 879 1300 uidelicet
895 1250 957 1300 octo
969 1245 1046 1300 milia
1057 1262 1217 1302 nummum.

206 1334 357 1402 propterea
376 1344 485 1384 summa
505 1343 616 1400 quoque
633 1329 711 1384 titulo
730 1329 888 1385 ascribitur.
932 1328 1005 1384 Nam
1021 1329 1218 1402 Adelphorum
1279 1327 1280 1392 l

206 1413 376 1484 principium
388 1413 481 1468 Varro
494 1414 578 1468 etiem
588 1415 713 1484 praefert
721 1413 861 1484 principio
872 1412 1031 1468 Menandri.
1279 1427 1280 1474 ἶ

290 1497 355 1553 Non
372 1499 493 1553 obscura
505 1498 580 1552 lama
591 1504 635 1553 est
647 1496 773 1554 adiutum
783 1497 943 1552 Terentium
955 1498 1107 1570 inscriptis
1119 1515 1137 1554 a
1147 1499 1219 1556 Lae·
1279 1519 1280 1578 3

163 1592 196 1646 15
209 1582 245 1637 lio
265 1587 292 1638 et
309 1580 460 1653 Scipione3
478 1596 596 1653 eamque
614 1582 677 1653 ipse
689 1582 781 1638 aurit:
802 1597 954 1652 numquam
966 1583 1040 1638 enim
1052 1583 1107 1638 nisi
1119 1584 1219 1640 leuiter
1279 1579 1280 1640 l

208 1683 240 1721 se
251 1667 333 1721 tutari
346 1669 520 1735 conatur‚ut
530 1665 559 1720 in
567 1667 687 1738 prologo
699 1665 909 1737 Adelphorum:

248 1750 320 1806 Nam
332 1749 408 1822 quod
420 1751 466 1806 isti
478 1749 574 1804 dicunt
584 1747 722 1818 ma'liuoli‚
735 1748 864 1805 homines
876 1748 978 1806 ndbilis

248 1833 329 1889 Hunc
342 1832 469 1890 adiutare
482 1828 658 1904 adsidueque
669 1849 726 1889 una
739 1831 879 1890 scribere:

250 1915 333 1985 Quod
345 1915 385 1973 illi
396 1917 575 1972 maledictum
587 1916 705 1972 uc'mens
716 1931 776 1974 esse
787 1914 963 1988 existumant,

161 2011 197 2062 20
250 2001 322 2056 Eam
335 2001 449 2056 laudem
459 1999 506 2056 hic
519 1999 595 2058 ducit
605 1999 780 2070 maxumam,
800 2017 885 2073 quom
895 1998 951 2060 illis
962 2002 1063 2074 placet,

224 2105 228 2108 ·
251 2085 304 2152 Qui
316 2084 397 2140 udbis
409 2085 552 2141 uniudrsis
565 2091 592 2140 ct
601 2085 706 2157 populo
717 2087 844 2157 placent:

218 2241 222 2251 Δ
250 2168 375 2236 Quorum
387 2168 474 2240 dpera
484 2170 513 2224 in
522 2169 611 2238 bello,
625 2170 653 2224 in
665 2169 737 2238 dito,
754 2170 784 2224 in
795 2169 909 2243 negotio
1279 2179 1280 2254 ι

250 2250 308 2309 Suc
321 2249 440 2324 quisque
451 2259 576 2325 tempore
590 2254 671 2310 usust
682 2256 743 2310 sine
756 2254 899 2327 superbia.
937 2276 941 2283 ·
1279 2255 1280 2334 l

207 2335 326 2392 Videtur
343 2344 436 2393 autem
454 2354 485 2393 se
502 2338 593 2394 leuius
613 2337 792 2407 defendisse,
813 2338 879 2410 quia
891 2337 999 2394 sciebat
1009 2337 1105 2392 Laelio
1118 2343 1146 2392 et
1158 2336 1217 2412 Sci·

161 2433 195 2484 25
207 2421 285 2493 pioni
302 2437 359 2476 non
377 2423 514 2494 ingratam
526 2439 590 2478 esse
606 2422 680 2478 hanc
696 2422 871 2494 opinionem:
896 2437 969 2492 quae
980 2424 1075 2478 tamen
1086 2423 1179 2493 magis
1192 2430 1220 2478 et

152 2512 195 2578 (3)
208 2521 298 2578 usque
315 2504 354 2561 ad
370 2505 527 2578 posteriora
544 2512 670 2578 tempora
687 2507 785 2562 ualuit.
826 2505 856 2563 C.
874 2505 1025 2563 Memmius
1043 2506 1073 2562 in
1090 2507 1217 2562 oratione

206 2607 258 2662 pro
271 2606 302 2646 se
315 2592 354 2646 ait
365 2592 409 2646 <P.
420 2590 581 2660 Africanus,
595 2592 642 2663 qui
654 2607 671 2646 a
683 2591 813 2647 Terentio
824 2595 980 2662 personam
992 2596 1132 2646 mutuatus
1145 2605 1218 2663 quae

207 2675 284 2728 domi
295 2675 401 2730 luserat
411 2675 473 2746 ipse
484 2675 597 2730 nominc
617 2676 691 2732 illius
709 2677 739 2729 in
754 2691 870 2730 scenam
885 2673 1005 2730 detulit’.
1037 2675 1134 2746 Nepos
1153 2691 1219 2730 aue·

205 2765 266 2813 tore
283 2766 361 2815 certo
378 2760 552 2830 comperisse
570 2777 602 2814 se
619 2761 672 2828 ait,
691 2757 721 2815 C.
733 2759 859 2816 Laelium
872 2757 1014 2831 quondam
1024 2759 1053 2815 in
1064 2760 1217 2815 Puteolano
1279 2829 1280 2832 Ἴ

161 2853 197 2908 30
208 2842 334 2899 calendis
345 2843 454 2898 Martiis
466 2843 638 2898 admonitum
650 2845 684 2900 ab
697 2859 801 2912 uxore,
813 2844 966 2916 temperius
977 2848 1008 2896 ut
1019 2843 1217 2910 discumberet,
1279 2867 1280 2910 t

206 2928 313 3000 petisse
327 2929 362 2984 ab
382 2919 416 2984 ea
427 2943 463 2982 ne
473 2928 710 2998 interpellaretur:
730 2929 821 2984 serius
833 2927 949 2984 tandem
960 2928 1122 2999 ingressum
1134 2927 1218 2983 tricli-
1279 2917 1280 2984 i

208 3012 285 3066 nium
302 3011 409 3068 dixisse
426 3025 590 3083 nonsaepe
608 3013 638 3067 in
660 3013 809 3069 scribendo
829 3013 921 3085 magis
946 3012 1122 3068 successisse
1148 3012 1217 3068 sibi:
1279 3017 1280 3088 t

208 3095 311 3152 deinde
322 3101 451 3168 rogatum
462 3101 491 3151 ut
503 3097 608 3168 scripta
618 3097 666 3153 illa
675 3099 814 3170 proterret
824 3096 1023 3170 pronuntiasse
1035 3111 1152 3165 uersus,
1171 3095 1216 3168 qu=
1279 3097 1280 3170 l

208 3187 272 3235 sunt
283 3182 311 3236 in
322 3181 651 3236 Heautontimorumeno:
1279 3175 1280 3184 ’

162 3285 196 3338 35
250 3277 326 3336 Satis
338 3279 386 3351 pdl
397 3284 529 3350 proterue
541 3279 586 3335 md
599 3279 665 3353 Syri
676 3277 818 3354 promissa
829 3278 885 3336 huc
898 3279 1077 3335 induxe'runt.

155 3365 198 3434 (l)
210 3362 313 3422 Santra
326 3363 486 3452 Terentium
504 3364 657 3434 existimat,
679 3364 804 3421 simodo
823 3367 854 3420 in
872 3363 1024 3422 scribendo
1042 3361 1216 3419 adiutoribus

207 3447 374 3520 indiguerit,
397 3449 526 3504 nontam
544 3447 676 3523 Scipione
702 3455 729 3506 et
746 3449 841 3506 laelio
860 3449 899 3504 uti
916 3449 1058 3517 potuisse,
1081 3448 1129 3519 qui
1152 3453 1217 3503 tuno
